%YAML 1.1
%TAG !u! tag:unity3d.com,2011:
--- !u!1 &50511963680646226
GameObject:
  m_ObjectHideFlags: 0
  m_CorrespondingSourceObject: {fileID: 0}
  m_PrefabInstance: {fileID: 0}
  m_PrefabAsset: {fileID: 0}
  serializedVersion: 6
  m_Component:
  - component: {fileID: 1021227124891404239}
  m_Layer: 0
  m_Name: Bone077
  m_TagString: Untagged
  m_Icon: {fileID: 0}
  m_NavMeshLayer: 0
  m_StaticEditorFlags: 0
  m_IsActive: 1
--- !u!4 &1021227124891404239
Transform:
  m_ObjectHideFlags: 0
  m_CorrespondingSourceObject: {fileID: 0}
  m_PrefabInstance: {fileID: 0}
  m_PrefabAsset: {fileID: 0}
  m_GameObject: {fileID: 50511963680646226}
  m_LocalRotation: {x: 0.4392253, y: 0.555963, z: -0.55332834, w: -0.43796587}
  m_LocalPosition: {x: 0.06573963, y: 0.6326534, z: 0.14067341}
  m_LocalScale: {x: 1, y: 1, z: 1}
  m_Children:
  - {fileID: 7089226617815380894}
  m_Father: {fileID: 8386152663733437686}
  m_RootOrder: 5
  m_LocalEulerAnglesHint: {x: 0, y: 0, z: 0}
--- !u!1 &237538786280226385
GameObject:
  m_ObjectHideFlags: 0
  m_CorrespondingSourceObject: {fileID: 0}
  m_PrefabInstance: {fileID: 0}
  m_PrefabAsset: {fileID: 0}
  serializedVersion: 6
  m_Component:
  - component: {fileID: 3474091707705809188}
  m_Layer: 0
  m_Name: Bone053
  m_TagString: Untagged
  m_Icon: {fileID: 0}
  m_NavMeshLayer: 0
  m_StaticEditorFlags: 0
  m_IsActive: 1
--- !u!4 &3474091707705809188
Transform:
  m_ObjectHideFlags: 0
  m_CorrespondingSourceObject: {fileID: 0}
  m_PrefabInstance: {fileID: 0}
  m_PrefabAsset: {fileID: 0}
  m_GameObject: {fileID: 237538786280226385}
  m_LocalRotation: {x: 0.00012867707, y: 0.035026785, z: -0.003671294, w: 0.99937963}
  m_LocalPosition: {x: -0.08420417, y: -0.000002069473, z: -0.00000001335144}
  m_LocalScale: {x: 1, y: 1, z: 1}
  m_Children:
  - {fileID: 6809946674286175013}
  m_Father: {fileID: 9031262242621308339}
  m_RootOrder: 0
  m_LocalEulerAnglesHint: {x: 0, y: 0, z: 0}
--- !u!1 &272904773568191496
GameObject:
  m_ObjectHideFlags: 0
  m_CorrespondingSourceObject: {fileID: 0}
  m_PrefabInstance: {fileID: 0}
  m_PrefabAsset: {fileID: 0}
  serializedVersion: 6
  m_Component:
  - component: {fileID: 7847283617511789618}
  m_Layer: 0
  m_Name: Bone035
  m_TagString: Untagged
  m_Icon: {fileID: 0}
  m_NavMeshLayer: 0
  m_StaticEditorFlags: 0
  m_IsActive: 1
--- !u!4 &7847283617511789618
Transform:
  m_ObjectHideFlags: 0
  m_CorrespondingSourceObject: {fileID: 0}
  m_PrefabInstance: {fileID: 0}
  m_PrefabAsset: {fileID: 0}
  m_GameObject: {fileID: 272904773568191496}
  m_LocalRotation: {x: 0.3794743, y: 0.24700294, z: 0.5966275, w: 0.6625893}
  m_LocalPosition: {x: -0.121205784, y: 0.69109744, z: -0.103149176}
  m_LocalScale: {x: 1, y: 1, z: 1}
  m_Children:
  - {fileID: 4199147916186699696}
  m_Father: {fileID: 8386152663733437686}
  m_RootOrder: 1
  m_LocalEulerAnglesHint: {x: 0, y: 0, z: 0}
--- !u!1 &556419829129014337
GameObject:
  m_ObjectHideFlags: 0
  m_CorrespondingSourceObject: {fileID: 0}
  m_PrefabInstance: {fileID: 0}
  m_PrefabAsset: {fileID: 0}
  serializedVersion: 6
  m_Component:
  - component: {fileID: 7938541272557415984}
  m_Layer: 0
  m_Name: Bone091
  m_TagString: Untagged
  m_Icon: {fileID: 0}
  m_NavMeshLayer: 0
  m_StaticEditorFlags: 0
  m_IsActive: 1
--- !u!4 &7938541272557415984
Transform:
  m_ObjectHideFlags: 0
  m_CorrespondingSourceObject: {fileID: 0}
  m_PrefabInstance: {fileID: 0}
  m_PrefabAsset: {fileID: 0}
  m_GameObject: {fileID: 556419829129014337}
  m_LocalRotation: {x: 0.00008394082, y: 0.033172905, z: 0.011232944, w: 0.99938655}
  m_LocalPosition: {x: -0.11903412, y: 0.00003052911, z: -0.00006782531}
  m_LocalScale: {x: 1, y: 1, z: 1}
  m_Children: []
  m_Father: {fileID: 5686570176169751359}
  m_RootOrder: 0
  m_LocalEulerAnglesHint: {x: 0, y: 0, z: 0}
--- !u!1 &582477225158484746
GameObject:
  m_ObjectHideFlags: 0
  m_CorrespondingSourceObject: {fileID: 0}
  m_PrefabInstance: {fileID: 0}
  m_PrefabAsset: {fileID: 0}
  serializedVersion: 6
  m_Component:
  - component: {fileID: 8746092682283881367}
  m_Layer: 0
  m_Name: Bone087
  m_TagString: Untagged
  m_Icon: {fileID: 0}
  m_NavMeshLayer: 0
  m_StaticEditorFlags: 0
  m_IsActive: 1
--- !u!4 &8746092682283881367
Transform:
  m_ObjectHideFlags: 0
  m_CorrespondingSourceObject: {fileID: 0}
  m_PrefabInstance: {fileID: 0}
  m_PrefabAsset: {fileID: 0}
  m_GameObject: {fileID: 582477225158484746}
  m_LocalRotation: {x: 0.43136254, y: 0.56162274, z: -0.5548236, w: -0.43666586}
  m_LocalPosition: {x: 0.17291035, y: 0.6608816, z: 0.007989889}
  m_LocalScale: {x: 1, y: 1, z: 1}
  m_Children:
  - {fileID: 8164476268810562073}
  m_Father: {fileID: 8386152663733437686}
  m_RootOrder: 7
  m_LocalEulerAnglesHint: {x: 0, y: 0, z: 0}
--- !u!1 &643853692311240315
GameObject:
  m_ObjectHideFlags: 0
  m_CorrespondingSourceObject: {fileID: 0}
  m_PrefabInstance: {fileID: 0}
  m_PrefabAsset: {fileID: 0}
  serializedVersion: 6
  m_Component:
  - component: {fileID: 9031262242621308339}
  m_Layer: 0
  m_Name: Bone052
  m_TagString: Untagged
  m_Icon: {fileID: 0}
  m_NavMeshLayer: 0
  m_StaticEditorFlags: 0
  m_IsActive: 1
--- !u!4 &9031262242621308339
Transform:
  m_ObjectHideFlags: 0
  m_CorrespondingSourceObject: {fileID: 0}
  m_PrefabInstance: {fileID: 0}
  m_PrefabAsset: {fileID: 0}
  m_GameObject: {fileID: 643853692311240315}
  m_LocalRotation: {x: 0.5559629, y: 0.4392258, z: 0.43796596, w: 0.5533279}
  m_LocalPosition: {x: -0.06559281, y: 0.6326534, z: 0.14067341}
  m_LocalScale: {x: 1, y: 1, z: 1}
  m_Children:
  - {fileID: 3474091707705809188}
  m_Father: {fileID: 8386152663733437686}
  m_RootOrder: 4
  m_LocalEulerAnglesHint: {x: 0, y: 0, z: 0}
--- !u!1 &803104921239620703
GameObject:
  m_ObjectHideFlags: 0
  m_CorrespondingSourceObject: {fileID: 0}
  m_PrefabInstance: {fileID: 0}
  m_PrefabAsset: {fileID: 0}
  serializedVersion: 6
  m_Component:
  - component: {fileID: 6602609771227389547}
  m_Layer: 0
  m_Name: Bone043
  m_TagString: Untagged
  m_Icon: {fileID: 0}
  m_NavMeshLayer: 0
  m_StaticEditorFlags: 0
  m_IsActive: 1
--- !u!4 &6602609771227389547
Transform:
  m_ObjectHideFlags: 0
  m_CorrespondingSourceObject: {fileID: 0}
  m_PrefabInstance: {fileID: 0}
  m_PrefabAsset: {fileID: 0}
  m_GameObject: {fileID: 803104921239620703}
  m_LocalRotation: {x: 0.00004664644, y: -0.0491458, z: 0.00094799785, w: 0.99879116}
  m_LocalPosition: {x: -0.06904841, y: -0.00000019568205, z: 0}
  m_LocalScale: {x: 1, y: 1, z: 1}
  m_Children:
  - {fileID: 5330778702695367036}
  m_Father: {fileID: 79197351146947557}
  m_RootOrder: 0
  m_LocalEulerAnglesHint: {x: 0, y: 0, z: 0}
--- !u!1 &1036278738411882626
GameObject:
  m_ObjectHideFlags: 0
  m_CorrespondingSourceObject: {fileID: 0}
  m_PrefabInstance: {fileID: 0}
  m_PrefabAsset: {fileID: 0}
  serializedVersion: 6
  m_Component:
  - component: {fileID: 8529498211117245536}
  m_Layer: 0
  m_Name: Bone049
  m_TagString: Untagged
  m_Icon: {fileID: 0}
  m_NavMeshLayer: 0
  m_StaticEditorFlags: 0
  m_IsActive: 1
--- !u!4 &8529498211117245536
Transform:
  m_ObjectHideFlags: 0
  m_CorrespondingSourceObject: {fileID: 0}
  m_PrefabInstance: {fileID: 0}
  m_PrefabAsset: {fileID: 0}
  m_GameObject: {fileID: 1036278738411882626}
  m_LocalRotation: {x: 0.000094760515, y: 0.011753623, z: -0.008063163, w: 0.99989843}
  m_LocalPosition: {x: -0.0708241, y: 0, z: 0.00000002002716}
  m_LocalScale: {x: 1, y: 1, z: 1}
  m_Children:
  - {fileID: 3061126895821012899}
  m_Father: {fileID: 3927894737321729045}
  m_RootOrder: 0
  m_LocalEulerAnglesHint: {x: 0, y: 0, z: 0}
--- !u!1 &1139281938247726634
GameObject:
  m_ObjectHideFlags: 0
  m_CorrespondingSourceObject: {fileID: 0}
  m_PrefabInstance: {fileID: 0}
  m_PrefabAsset: {fileID: 0}
  serializedVersion: 6
  m_Component:
  - component: {fileID: 6809946674286175013}
  m_Layer: 0
  m_Name: Bone054
  m_TagString: Untagged
  m_Icon: {fileID: 0}
  m_NavMeshLayer: 0
  m_StaticEditorFlags: 0
  m_IsActive: 1
--- !u!4 &6809946674286175013
Transform:
  m_ObjectHideFlags: 0
  m_CorrespondingSourceObject: {fileID: 0}
  m_PrefabInstance: {fileID: 0}
  m_PrefabAsset: {fileID: 0}
  m_GameObject: {fileID: 1139281938247726634}
  m_LocalRotation: {x: 0.0004747945, y: 0.019984452, z: -0.009054206, w: 0.9997592}
  m_LocalPosition: {x: -0.07035958, y: -0.000015981674, z: -0.00018829535}
  m_LocalScale: {x: 1, y: 1, z: 1}
  m_Children:
  - {fileID: 4580241164709961328}
  m_Father: {fileID: 3474091707705809188}
  m_RootOrder: 0
  m_LocalEulerAnglesHint: {x: 0, y: 0, z: 0}
--- !u!1 &2022447476587685353
GameObject:
  m_ObjectHideFlags: 0
  m_CorrespondingSourceObject: {fileID: 0}
  m_PrefabInstance: {fileID: 0}
  m_PrefabAsset: {fileID: 0}
  serializedVersion: 6
  m_Component:
  - component: {fileID: 863330603465886392}
  m_Layer: 0
  m_Name: Bone085
  m_TagString: Untagged
  m_Icon: {fileID: 0}
  m_NavMeshLayer: 0
  m_StaticEditorFlags: 0
  m_IsActive: 1
--- !u!4 &863330603465886392
Transform:
  m_ObjectHideFlags: 0
  m_CorrespondingSourceObject: {fileID: 0}
  m_PrefabInstance: {fileID: 0}
  m_PrefabAsset: {fileID: 0}
  m_GameObject: {fileID: 2022447476587685353}
  m_LocalRotation: {x: 0.000000019882352, y: 0.0000061249716, z: 0.011047104, w: 0.999939}
  m_LocalPosition: {x: -0.12729234, y: 0.000051696774, z: -0.00007527542}
  m_LocalScale: {x: 1, y: 1, z: 1}
  m_Children:
  - {fileID: 2507627859120746321}
  m_Father: {fileID: 527163378953349330}
  m_RootOrder: 0
  m_LocalEulerAnglesHint: {x: 0, y: 0, z: 0}
--- !u!1 &2309630335272048441
GameObject:
  m_ObjectHideFlags: 0
  m_CorrespondingSourceObject: {fileID: 0}
  m_PrefabInstance: {fileID: 0}
  m_PrefabAsset: {fileID: 0}
  serializedVersion: 6
  m_Component:
  - component: {fileID: 2489752962503393242}
  m_Layer: 0
  m_Name: Bone047
  m_TagString: Untagged
  m_Icon: {fileID: 0}
  m_NavMeshLayer: 0
  m_StaticEditorFlags: 0
  m_IsActive: 1
--- !u!4 &2489752962503393242
Transform:
  m_ObjectHideFlags: 0
  m_CorrespondingSourceObject: {fileID: 0}
  m_PrefabInstance: {fileID: 0}
  m_PrefabAsset: {fileID: 0}
  m_GameObject: {fileID: 2309630335272048441}
  m_LocalRotation: {x: 0.30560791, y: 0.24584907, z: 0.5805652, w: 0.71351665}
  m_LocalPosition: {x: -0.1335137, y: 0.6388685, z: 0.11405281}
  m_LocalScale: {x: 1, y: 1, z: 1}
  m_Children:
  - {fileID: 3927894737321729045}
  m_Father: {fileID: 8386152663733437686}
  m_RootOrder: 3
  m_LocalEulerAnglesHint: {x: 0, y: 0, z: 0}
--- !u!1 &2758906345235383619
GameObject:
  m_ObjectHideFlags: 0
  m_CorrespondingSourceObject: {fileID: 0}
  m_PrefabInstance: {fileID: 0}
  m_PrefabAsset: {fileID: 0}
  serializedVersion: 6
  m_Component:
  - component: {fileID: 6625291342621689934}
  m_Layer: 0
  m_Name: Bone045
  m_TagString: Untagged
  m_Icon: {fileID: 0}
  m_NavMeshLayer: 0
  m_StaticEditorFlags: 0
  m_IsActive: 1
--- !u!4 &6625291342621689934
Transform:
  m_ObjectHideFlags: 0
  m_CorrespondingSourceObject: {fileID: 0}
  m_PrefabInstance: {fileID: 0}
  m_PrefabAsset: {fileID: 0}
  m_GameObject: {fileID: 2758906345235383619}
  m_LocalRotation: {x: -0.00008393644, y: 0.033172917, z: -0.011233063, w: 0.99938655}
  m_LocalPosition: {x: -0.11903423, y: -0.000030530155, z: -0.00006779861}
  m_LocalScale: {x: 1, y: 1, z: 1}
  m_Children: []
  m_Father: {fileID: 5330778702695367036}
  m_RootOrder: 0
  m_LocalEulerAnglesHint: {x: 0, y: 0, z: 0}
--- !u!1 &2851733693053423011
GameObject:
  m_ObjectHideFlags: 0
  m_CorrespondingSourceObject: {fileID: 0}
  m_PrefabInstance: {fileID: 0}
  m_PrefabAsset: {fileID: 0}
  serializedVersion: 6
  m_Component:
  - component: {fileID: 57682386668269247}
  m_Layer: 0
  m_Name: Bone092
  m_TagString: Untagged
  m_Icon: {fileID: 0}
  m_NavMeshLayer: 0
  m_StaticEditorFlags: 0
  m_IsActive: 1
--- !u!4 &57682386668269247
Transform:
  m_ObjectHideFlags: 0
  m_CorrespondingSourceObject: {fileID: 0}
  m_PrefabInstance: {fileID: 0}
  m_PrefabAsset: {fileID: 0}
  m_GameObject: {fileID: 2851733693053423011}
  m_LocalRotation: {x: -0.24700257, y: -0.37947384, z: 0.6625895, w: 0.5966276}
  m_LocalPosition: {x: 0.12227051, y: 0.6910974, z: -0.10314916}
  m_LocalScale: {x: 1, y: 1, z: 1}
  m_Children:
  - {fileID: 810834494359311760}
  m_Father: {fileID: 8386152663733437686}
  m_RootOrder: 8
  m_LocalEulerAnglesHint: {x: 0, y: 0, z: 0}
--- !u!1 &3000545066576452579
GameObject:
  m_ObjectHideFlags: 0
  m_CorrespondingSourceObject: {fileID: 0}
  m_PrefabInstance: {fileID: 0}
  m_PrefabAsset: {fileID: 0}
  serializedVersion: 6
  m_Component:
  - component: {fileID: 3061908559860077157}
  m_Layer: 0
  m_Name: Bone081
  m_TagString: Untagged
  m_Icon: {fileID: 0}
  m_NavMeshLayer: 0
  m_StaticEditorFlags: 0
  m_IsActive: 1
--- !u!4 &3061908559860077157
Transform:
  m_ObjectHideFlags: 0
  m_CorrespondingSourceObject: {fileID: 0}
  m_PrefabInstance: {fileID: 0}
  m_PrefabAsset: {fileID: 0}
  m_GameObject: {fileID: 3000545066576452579}
  m_LocalRotation: {x: 0.00025805272, y: 0.020814864, z: -0.036879323, w: 0.9991029}
  m_LocalPosition: {x: -0.11474545, y: 0.00005833244, z: -0.0003598213}
  m_LocalScale: {x: 1, y: 1, z: 1}
  m_Children: []
  m_Father: {fileID: 4128880601039968649}
  m_RootOrder: 0
  m_LocalEulerAnglesHint: {x: 0, y: 0, z: 0}
--- !u!1 &3475245394223563245
GameObject:
  m_ObjectHideFlags: 0
  m_CorrespondingSourceObject: {fileID: 0}
  m_PrefabInstance: {fileID: 0}
  m_PrefabAsset: {fileID: 0}
  serializedVersion: 6
  m_Component:
  - component: {fileID: 3390113334389817222}
  m_Layer: 0
  m_Name: Bone030
  m_TagString: Untagged
  m_Icon: {fileID: 0}
  m_NavMeshLayer: 0
  m_StaticEditorFlags: 0
  m_IsActive: 1
--- !u!4 &3390113334389817222
Transform:
  m_ObjectHideFlags: 0
  m_CorrespondingSourceObject: {fileID: 0}
  m_PrefabInstance: {fileID: 0}
  m_PrefabAsset: {fileID: 0}
  m_GameObject: {fileID: 3475245394223563245}
  m_LocalRotation: {x: 0.52326334, y: 0.4756002, z: 0.5232633, w: 0.47560015}
  m_LocalPosition: {x: -0.000000005548129, y: 0.70189035, z: -0.12692638}
  m_LocalScale: {x: 1, y: 1, z: 1}
  m_Children:
  - {fileID: 5915007565805979588}
  m_Father: {fileID: 8386152663733437686}
  m_RootOrder: 0
  m_LocalEulerAnglesHint: {x: 0, y: 0, z: 0}
--- !u!1 &3494354778237422482
GameObject:
  m_ObjectHideFlags: 0
  m_CorrespondingSourceObject: {fileID: 0}
  m_PrefabInstance: {fileID: 0}
  m_PrefabAsset: {fileID: 0}
  serializedVersion: 6
  m_Component:
  - component: {fileID: 8777713280064496789}
  m_Layer: 0
  m_Name: Bone056
  m_TagString: Untagged
  m_Icon: {fileID: 0}
  m_NavMeshLayer: 0
  m_StaticEditorFlags: 0
  m_IsActive: 1
--- !u!4 &8777713280064496789
Transform:
  m_ObjectHideFlags: 0
  m_CorrespondingSourceObject: {fileID: 0}
  m_PrefabInstance: {fileID: 0}
  m_PrefabAsset: {fileID: 0}
  m_GameObject: {fileID: 3494354778237422482}
  m_LocalRotation: {x: -0.00025812234, y: 0.020814938, z: 0.036879256, w: 0.9991029}
  m_LocalPosition: {x: -0.11474529, y: -0.000058359143, z: -0.00035986135}
  m_LocalScale: {x: 1, y: 1, z: 1}
  m_Children: []
  m_Father: {fileID: 4580241164709961328}
  m_RootOrder: 0
  m_LocalEulerAnglesHint: {x: 0, y: 0, z: 0}
--- !u!1 &3687114442465311793
GameObject:
  m_ObjectHideFlags: 0
  m_CorrespondingSourceObject: {fileID: 0}
  m_PrefabInstance: {fileID: 0}
  m_PrefabAsset: {fileID: 0}
  serializedVersion: 6
  m_Component:
  - component: {fileID: 2325985576036721541}
  m_Layer: 0
  m_Name: Bone083
  m_TagString: Untagged
  m_Icon: {fileID: 0}
  m_NavMeshLayer: 0
  m_StaticEditorFlags: 0
  m_IsActive: 1
--- !u!4 &2325985576036721541
Transform:
  m_ObjectHideFlags: 0
  m_CorrespondingSourceObject: {fileID: 0}
  m_PrefabInstance: {fileID: 0}
  m_PrefabAsset: {fileID: 0}
  m_GameObject: {fileID: 3687114442465311793}
  m_LocalRotation: {x: -0.0009047408, y: 0.023478527, z: -0.02589363, w: 0.9993886}
  m_LocalPosition: {x: -0.08205485, y: 0, z: -0.00000002002716}
  m_LocalScale: {x: 1, y: 1, z: 1}
  m_Children:
  - {fileID: 527163378953349330}
  m_Father: {fileID: 4810425400631197394}
  m_RootOrder: 0
  m_LocalEulerAnglesHint: {x: 0, y: 0, z: 0}
--- !u!1 &3767801024665240209
GameObject:
  m_ObjectHideFlags: 0
  m_CorrespondingSourceObject: {fileID: 0}
  m_PrefabInstance: {fileID: 0}
  m_PrefabAsset: {fileID: 0}
  serializedVersion: 6
  m_Component:
  - component: {fileID: 4128880601039968649}
  m_Layer: 0
  m_Name: Bone080
  m_TagString: Untagged
  m_Icon: {fileID: 0}
  m_NavMeshLayer: 0
  m_StaticEditorFlags: 0
  m_IsActive: 1
--- !u!4 &4128880601039968649
Transform:
  m_ObjectHideFlags: 0
  m_CorrespondingSourceObject: {fileID: 0}
  m_PrefabInstance: {fileID: 0}
  m_PrefabAsset: {fileID: 0}
  m_GameObject: {fileID: 3767801024665240209}
  m_LocalRotation: {x: 0.00009257339, y: 0.008994193, z: 0.0051331064, w: 0.9999464}
  m_LocalPosition: {x: -0.124177575, y: 0.000056009292, z: -0.00037759208}
  m_LocalScale: {x: 1, y: 1, z: 1}
  m_Children:
  - {fileID: 3061908559860077157}
  m_Father: {fileID: 8725607623356518887}
  m_RootOrder: 0
  m_LocalEulerAnglesHint: {x: 0, y: 0, z: 0}
--- !u!1 &3869217846960728036
GameObject:
  m_ObjectHideFlags: 0
  m_CorrespondingSourceObject: {fileID: 0}
  m_PrefabInstance: {fileID: 0}
  m_PrefabAsset: {fileID: 0}
  serializedVersion: 6
  m_Component:
  - component: {fileID: 4580241164709961328}
  m_Layer: 0
  m_Name: Bone055
  m_TagString: Untagged
  m_Icon: {fileID: 0}
  m_NavMeshLayer: 0
  m_StaticEditorFlags: 0
  m_IsActive: 1
--- !u!4 &4580241164709961328
Transform:
  m_ObjectHideFlags: 0
  m_CorrespondingSourceObject: {fileID: 0}
  m_PrefabInstance: {fileID: 0}
  m_PrefabAsset: {fileID: 0}
  m_GameObject: {fileID: 3869217846960728036}
  m_LocalRotation: {x: -0.000092573704, y: 0.008994092, z: -0.0051331064, w: 0.9999464}
  m_LocalPosition: {x: -0.12417742, y: -0.00005599594, z: -0.00037760544}
  m_LocalScale: {x: 1, y: 1, z: 1}
  m_Children:
  - {fileID: 8777713280064496789}
  m_Father: {fileID: 6809946674286175013}
  m_RootOrder: 0
  m_LocalEulerAnglesHint: {x: 0, y: 0, z: 0}
--- !u!1 &4205314614218850347
GameObject:
  m_ObjectHideFlags: 0
  m_CorrespondingSourceObject: {fileID: 0}
  m_PrefabInstance: {fileID: 0}
  m_PrefabAsset: {fileID: 0}
  serializedVersion: 6
  m_Component:
  - component: {fileID: 5551281929104488521}
  m_Layer: 0
  m_Name: Bone051
  m_TagString: Untagged
  m_Icon: {fileID: 0}
  m_NavMeshLayer: 0
  m_StaticEditorFlags: 0
  m_IsActive: 1
--- !u!4 &5551281929104488521
Transform:
  m_ObjectHideFlags: 0
  m_CorrespondingSourceObject: {fileID: 0}
  m_PrefabInstance: {fileID: 0}
  m_PrefabAsset: {fileID: 0}
  m_GameObject: {fileID: 4205314614218850347}
  m_LocalRotation: {x: 0.00028541495, y: -0.013271906, z: 0.021530403, w: 0.9996801}
  m_LocalPosition: {x: -0.1142619, y: -0.000112018584, z: -0.00006896019}
  m_LocalScale: {x: 1, y: 1, z: 1}
  m_Children: []
  m_Father: {fileID: 3061126895821012899}
  m_RootOrder: 0
  m_LocalEulerAnglesHint: {x: 0, y: 0, z: 0}
--- !u!1 &4284325968358323809
GameObject:
  m_ObjectHideFlags: 0
  m_CorrespondingSourceObject: {fileID: 0}
  m_PrefabInstance: {fileID: 0}
  m_PrefabAsset: {fileID: 0}
  serializedVersion: 6
  m_Component:
  - component: {fileID: 1330042764783404375}
  m_Layer: 0
  m_Name: Bone033
  m_TagString: Untagged
  m_Icon: {fileID: 0}
  m_NavMeshLayer: 0
  m_StaticEditorFlags: 0
  m_IsActive: 1
--- !u!4 &1330042764783404375
Transform:
  m_ObjectHideFlags: 0
  m_CorrespondingSourceObject: {fileID: 0}
  m_PrefabInstance: {fileID: 0}
  m_PrefabAsset: {fileID: 0}
  m_GameObject: {fileID: 4284325968358323809}
  m_LocalRotation: {x: 6.88198e-15, y: -1.0913532e-15, z: -0.029453916, w: 0.99956614}
  m_LocalPosition: {x: -0.11992525, y: -0.00000004005432, z: 0.0000000012647782}
  m_LocalScale: {x: 1, y: 1, z: 1}
  m_Children:
  - {fileID: 6122837891923236168}
  m_Father: {fileID: 3543679116666571979}
  m_RootOrder: 0
  m_LocalEulerAnglesHint: {x: 0, y: 0, z: 0}
--- !u!1 &4460861052478049187
GameObject:
  m_ObjectHideFlags: 0
  m_CorrespondingSourceObject: {fileID: 0}
  m_PrefabInstance: {fileID: 0}
  m_PrefabAsset: {fileID: 0}
  serializedVersion: 6
  m_Component:
  - component: {fileID: 1602426523749962510}
  m_Layer: 0
  m_Name: Bone094
  m_TagString: Untagged
  m_Icon: {fileID: 0}
  m_NavMeshLayer: 0
  m_StaticEditorFlags: 0
  m_IsActive: 1
--- !u!4 &1602426523749962510
Transform:
  m_ObjectHideFlags: 0
  m_CorrespondingSourceObject: {fileID: 0}
  m_PrefabInstance: {fileID: 0}
  m_PrefabAsset: {fileID: 0}
  m_GameObject: {fileID: 4460861052478049187}
  m_LocalRotation: {x: -0.00003075463, y: -0.01671933, z: -0.020447735, w: 0.99965113}
  m_LocalPosition: {x: -0.07077304, y: 0.00000072097777, z: 0}
  m_LocalScale: {x: 1, y: 1, z: 1}
  m_Children:
  - {fileID: 7070708918569236103}
  m_Father: {fileID: 810834494359311760}
  m_RootOrder: 0
  m_LocalEulerAnglesHint: {x: 0, y: 0, z: 0}
--- !u!1 &4608522333715454391
GameObject:
  m_ObjectHideFlags: 0
  m_CorrespondingSourceObject: {fileID: 0}
  m_PrefabInstance: {fileID: 0}
  m_PrefabAsset: {fileID: 0}
  serializedVersion: 6
  m_Component:
  - component: {fileID: 7009143930766171334}
  m_Layer: 0
  m_Name: Bone041
  m_TagString: Untagged
  m_Icon: {fileID: 0}
  m_NavMeshLayer: 0
  m_StaticEditorFlags: 0
  m_IsActive: 1
--- !u!4 &7009143930766171334
Transform:
  m_ObjectHideFlags: 0
  m_CorrespondingSourceObject: {fileID: 0}
  m_PrefabInstance: {fileID: 0}
  m_PrefabAsset: {fileID: 0}
  m_GameObject: {fileID: 4608522333715454391}
  m_LocalRotation: {x: 0.561623, y: 0.4313627, z: 0.43666574, w: 0.55482334}
  m_LocalPosition: {x: -0.1732094, y: 0.6608816, z: 0.007989889}
  m_LocalScale: {x: 1, y: 1, z: 1}
  m_Children:
  - {fileID: 79197351146947557}
  m_Father: {fileID: 8386152663733437686}
  m_RootOrder: 2
  m_LocalEulerAnglesHint: {x: 0, y: 0, z: 0}
--- !u!1 &4762128263817746836
GameObject:
  m_ObjectHideFlags: 0
  m_CorrespondingSourceObject: {fileID: 0}
  m_PrefabInstance: {fileID: 0}
  m_PrefabAsset: {fileID: 0}
  serializedVersion: 6
  m_Component:
  - component: {fileID: 1922700505951131543}
  m_Layer: 0
  m_Name: Bone096
  m_TagString: Untagged
  m_Icon: {fileID: 0}
  m_NavMeshLayer: 0
  m_StaticEditorFlags: 0
  m_IsActive: 1
--- !u!4 &1922700505951131543
Transform:
  m_ObjectHideFlags: 0
  m_CorrespondingSourceObject: {fileID: 0}
  m_PrefabInstance: {fileID: 0}
  m_PrefabAsset: {fileID: 0}
  m_GameObject: {fileID: 4762128263817746836}
  m_LocalRotation: {x: 0.00007184093, y: 0.015563171, z: -0.0046135327, w: 0.9998683}
  m_LocalPosition: {x: -0.120680965, y: 0.00000000166893, z: -0.00000002670288}
  m_LocalScale: {x: 1, y: 1, z: 1}
  m_Children: []
  m_Father: {fileID: 7070708918569236103}
  m_RootOrder: 0
  m_LocalEulerAnglesHint: {x: 0, y: 0, z: 0}
--- !u!1 &4772338628398544613
GameObject:
  m_ObjectHideFlags: 0
  m_CorrespondingSourceObject: {fileID: 0}
  m_PrefabInstance: {fileID: 0}
  m_PrefabAsset: {fileID: 0}
  serializedVersion: 6
  m_Component:
  - component: {fileID: 8386152663733437686}
  - component: {fileID: 1939814127301273996}
  m_Layer: 0
  m_Name: Main_Character_Dynamic
  m_TagString: Untagged
  m_Icon: {fileID: 0}
  m_NavMeshLayer: 0
  m_StaticEditorFlags: 0
  m_IsActive: 1
--- !u!4 &8386152663733437686
Transform:
  m_ObjectHideFlags: 0
  m_CorrespondingSourceObject: {fileID: 0}
  m_PrefabInstance: {fileID: 0}
  m_PrefabAsset: {fileID: 0}
  m_GameObject: {fileID: 4772338628398544613}
  m_LocalRotation: {x: 0.015517307, y: 0.07075225, z: -0.70693654, w: -0.70355827}
  m_LocalPosition: {x: 0.37945488, y: -0.00008559048, z: 0.044252325}
  m_LocalScale: {x: 1.0740781, y: 1.0740999, z: 1.0740783}
  m_Children:
  - {fileID: 3390113334389817222}
  - {fileID: 7847283617511789618}
  - {fileID: 7009143930766171334}
  - {fileID: 2489752962503393242}
  - {fileID: 9031262242621308339}
  - {fileID: 1021227124891404239}
  - {fileID: 4810425400631197394}
  - {fileID: 8746092682283881367}
  - {fileID: 57682386668269247}
  - {fileID: 8431008381135394732}
  m_Father: {fileID: 0}
  m_RootOrder: 0
  m_LocalEulerAnglesHint: {x: 0, y: -199.48499, z: 0}
--- !u!95 &1939814127301273996
Animator:
  serializedVersion: 3
  m_ObjectHideFlags: 0
  m_CorrespondingSourceObject: {fileID: 0}
  m_PrefabInstance: {fileID: 0}
  m_PrefabAsset: {fileID: 0}
  m_GameObject: {fileID: 4772338628398544613}
  m_Enabled: 1
  m_Avatar: {fileID: 9000000, guid: 0cda3e012e8c0604494d356cc813e57a, type: 3}
  m_Controller: {fileID: 0}
  m_CullingMode: 1
  m_UpdateMode: 0
  m_ApplyRootMotion: 0
  m_LinearVelocityBlending: 0
  m_WarningMessage: 
  m_HasTransformHierarchy: 1
  m_AllowConstantClipSamplingOptimization: 1
  m_KeepAnimatorControllerStateOnDisable: 0
--- !u!1 &5098345614019849121
GameObject:
  m_ObjectHideFlags: 0
  m_CorrespondingSourceObject: {fileID: 0}
  m_PrefabInstance: {fileID: 0}
  m_PrefabAsset: {fileID: 0}
  serializedVersion: 6
  m_Component:
  - component: {fileID: 8725607623356518887}
  m_Layer: 0
  m_Name: Bone079
  m_TagString: Untagged
  m_Icon: {fileID: 0}
  m_NavMeshLayer: 0
  m_StaticEditorFlags: 0
  m_IsActive: 1
--- !u!4 &8725607623356518887
Transform:
  m_ObjectHideFlags: 0
  m_CorrespondingSourceObject: {fileID: 0}
  m_PrefabInstance: {fileID: 0}
  m_PrefabAsset: {fileID: 0}
  m_GameObject: {fileID: 5098345614019849121}
  m_LocalRotation: {x: -0.00047478822, y: 0.019984208, z: 0.009054073, w: 0.9997592}
  m_LocalPosition: {x: -0.07035958, y: 0.000015981674, z: -0.000188282}
  m_LocalScale: {x: 1, y: 1, z: 1}
  m_Children:
  - {fileID: 4128880601039968649}
  m_Father: {fileID: 7089226617815380894}
  m_RootOrder: 0
  m_LocalEulerAnglesHint: {x: 0, y: 0, z: 0}
--- !u!1 &5119761958827180420
GameObject:
  m_ObjectHideFlags: 0
  m_CorrespondingSourceObject: {fileID: 0}
  m_PrefabInstance: {fileID: 0}
  m_PrefabAsset: {fileID: 0}
  serializedVersion: 6
  m_Component:
  - component: {fileID: 527163378953349330}
  m_Layer: 0
  m_Name: Bone084
  m_TagString: Untagged
  m_Icon: {fileID: 0}
  m_NavMeshLayer: 0
  m_StaticEditorFlags: 0
  m_IsActive: 1
--- !u!4 &527163378953349330
Transform:
  m_ObjectHideFlags: 0
  m_CorrespondingSourceObject: {fileID: 0}
  m_PrefabInstance: {fileID: 0}
  m_PrefabAsset: {fileID: 0}
  m_GameObject: {fileID: 5119761958827180420}
  m_LocalRotation: {x: -0.00009484402, y: 0.011753708, z: 0.008063156, w: 0.99989843}
  m_LocalPosition: {x: -0.07082415, y: 0, z: 0.00000002670288}
  m_LocalScale: {x: 1, y: 1, z: 1}
  m_Children:
  - {fileID: 863330603465886392}
  m_Father: {fileID: 2325985576036721541}
  m_RootOrder: 0
  m_LocalEulerAnglesHint: {x: 0, y: 0, z: 0}
--- !u!1 &5349074981231920584
GameObject:
  m_ObjectHideFlags: 0
  m_CorrespondingSourceObject: {fileID: 0}
  m_PrefabInstance: {fileID: 0}
  m_PrefabAsset: {fileID: 0}
  serializedVersion: 6
  m_Component:
  - component: {fileID: 6597981106628805335}
  m_Layer: 0
  m_Name: Bone038
  m_TagString: Untagged
  m_Icon: {fileID: 0}
  m_NavMeshLayer: 0
  m_StaticEditorFlags: 0
  m_IsActive: 1
--- !u!4 &6597981106628805335
Transform:
  m_ObjectHideFlags: 0
  m_CorrespondingSourceObject: {fileID: 0}
  m_PrefabInstance: {fileID: 0}
  m_PrefabAsset: {fileID: 0}
  m_GameObject: {fileID: 5349074981231920584}
  m_LocalRotation: {x: 0.00032307822, y: 0.0143141, z: -0.022562502, w: 0.9996429}
  m_LocalPosition: {x: -0.121872455, y: 0.00000003004074, z: 0.00000002670288}
  m_LocalScale: {x: 1, y: 1, z: 1}
  m_Children:
  - {fileID: 1778746281893763350}
  m_Father: {fileID: 4939683082663757381}
  m_RootOrder: 0
  m_LocalEulerAnglesHint: {x: 0, y: 0, z: 0}
--- !u!1 &5628390597030340935
GameObject:
  m_ObjectHideFlags: 0
  m_CorrespondingSourceObject: {fileID: 0}
  m_PrefabInstance: {fileID: 0}
  m_PrefabAsset: {fileID: 0}
  serializedVersion: 6
  m_Component:
  - component: {fileID: 79197351146947557}
  m_Layer: 0
  m_Name: Bone042
  m_TagString: Untagged
  m_Icon: {fileID: 0}
  m_NavMeshLayer: 0
  m_StaticEditorFlags: 0
  m_IsActive: 1
--- !u!4 &79197351146947557
Transform:
  m_ObjectHideFlags: 0
  m_CorrespondingSourceObject: {fileID: 0}
  m_PrefabInstance: {fileID: 0}
  m_PrefabAsset: {fileID: 0}
  m_GameObject: {fileID: 5628390597030340935}
  m_LocalRotation: {x: -0.00009307937, y: 0.08953718, z: 0.0011432084, w: 0.9959828}
  m_LocalPosition: {x: -0.08205464, y: 0.000000004172325, z: -0.00000005340576}
  m_LocalScale: {x: 1, y: 1, z: 1}
  m_Children:
  - {fileID: 6602609771227389547}
  m_Father: {fileID: 7009143930766171334}
  m_RootOrder: 0
  m_LocalEulerAnglesHint: {x: 0, y: 0, z: 0}
--- !u!1 &5789784215574959551
GameObject:
  m_ObjectHideFlags: 0
  m_CorrespondingSourceObject: {fileID: 0}
  m_PrefabInstance: {fileID: 0}
  m_PrefabAsset: {fileID: 0}
  serializedVersion: 6
  m_Component:
  - component: {fileID: 3061126895821012899}
  m_Layer: 0
  m_Name: Bone050
  m_TagString: Untagged
  m_Icon: {fileID: 0}
  m_NavMeshLayer: 0
  m_StaticEditorFlags: 0
  m_IsActive: 1
--- !u!4 &3061126895821012899
Transform:
  m_ObjectHideFlags: 0
  m_CorrespondingSourceObject: {fileID: 0}
  m_PrefabInstance: {fileID: 0}
  m_PrefabAsset: {fileID: 0}
  m_GameObject: {fileID: 5789784215574959551}
  m_LocalRotation: {x: 0.000000032160777, y: 0.0000061989076, z: -0.011047172, w: 0.999939}
  m_LocalPosition: {x: -0.12729214, y: -0.00005167007, z: -0.00007528209}
  m_LocalScale: {x: 1, y: 1, z: 1}
  m_Children:
  - {fileID: 5551281929104488521}
  m_Father: {fileID: 8529498211117245536}
  m_RootOrder: 0
  m_LocalEulerAnglesHint: {x: 0, y: 0, z: 0}
--- !u!1 &6285771943836603638
GameObject:
  m_ObjectHideFlags: 0
  m_CorrespondingSourceObject: {fileID: 0}
  m_PrefabInstance: {fileID: 0}
  m_PrefabAsset: {fileID: 0}
  serializedVersion: 6
  m_Component:
  - component: {fileID: 8431008381135394732}
  - component: {fileID: 6186565063016503114}
  m_Layer: 0
  m_Name: Object010
  m_TagString: Untagged
  m_Icon: {fileID: 0}
  m_NavMeshLayer: 0
  m_StaticEditorFlags: 0
  m_IsActive: 1
--- !u!4 &8431008381135394732
Transform:
  m_ObjectHideFlags: 0
  m_CorrespondingSourceObject: {fileID: 0}
  m_PrefabInstance: {fileID: 0}
  m_PrefabAsset: {fileID: 0}
  m_GameObject: {fileID: 6285771943836603638}
  m_LocalRotation: {x: -0.7071068, y: 0, z: -0, w: 0.7071068}
  m_LocalPosition: {x: -0, y: 0.6590651, z: 0}
  m_LocalScale: {x: 1, y: 1, z: 1}
  m_Children: []
  m_Father: {fileID: 8386152663733437686}
  m_RootOrder: 9
  m_LocalEulerAnglesHint: {x: 0, y: 0, z: 0}
--- !u!137 &6186565063016503114
SkinnedMeshRenderer:
  m_ObjectHideFlags: 0
  m_CorrespondingSourceObject: {fileID: 0}
  m_PrefabInstance: {fileID: 0}
  m_PrefabAsset: {fileID: 0}
  m_GameObject: {fileID: 6285771943836603638}
  m_Enabled: 1
  m_CastShadows: 1
  m_ReceiveShadows: 1
  m_DynamicOccludee: 1
  m_MotionVectors: 1
  m_LightProbeUsage: 1
  m_ReflectionProbeUsage: 1
  m_RenderingLayerMask: 1
  m_RendererPriority: 0
  m_Materials:
  - {fileID: -5170323138729520846, guid: 0cda3e012e8c0604494d356cc813e57a, type: 3}
  m_StaticBatchInfo:
    firstSubMesh: 0
    subMeshCount: 0
  m_StaticBatchRoot: {fileID: 0}
  m_ProbeAnchor: {fileID: 0}
  m_LightProbeVolumeOverride: {fileID: 0}
  m_ScaleInLightmap: 1
  m_ReceiveGI: 1
  m_PreserveUVs: 0
  m_IgnoreNormalsForChartDetection: 0
  m_ImportantGI: 0
  m_StitchLightmapSeams: 1
  m_SelectedEditorRenderState: 3
  m_MinimumChartSize: 4
  m_AutoUVMaxDistance: 0.5
  m_AutoUVMaxAngle: 89
  m_LightmapParameters: {fileID: 0}
  m_SortingLayerID: 0
  m_SortingLayer: 0
  m_SortingOrder: 0
  serializedVersion: 2
  m_Quality: 0
  m_UpdateWhenOffscreen: 0
  m_SkinnedMotionVectors: 1
  m_Mesh: {fileID: 7643229109163234770, guid: 0cda3e012e8c0604494d356cc813e57a, type: 3}
  m_Bones:
  - {fileID: 4939683082663757381}
  - {fileID: 4199147916186699696}
  - {fileID: 6602609771227389547}
  - {fileID: 79197351146947557}
  - {fileID: 8529498211117245536}
  - {fileID: 3927894737321729045}
  - {fileID: 6809946674286175013}
  - {fileID: 3474091707705809188}
  - {fileID: 1330042764783404375}
  - {fileID: 6597981106628805335}
  - {fileID: 6122837891923236168}
  - {fileID: 1778746281893763350}
  - {fileID: 6625291342621689934}
  - {fileID: 5330778702695367036}
  - {fileID: 5551281929104488521}
  - {fileID: 3061126895821012899}
  - {fileID: 8777713280064496789}
  - {fileID: 4580241164709961328}
  - {fileID: 3543679116666571979}
  - {fileID: 3390113334389817222}
  - {fileID: 57682386668269247}
  - {fileID: 7847283617511789618}
  - {fileID: 7009143930766171334}
  - {fileID: 2489752962503393242}
  - {fileID: 9031262242621308339}
  - {fileID: 5915007565805979588}
  - {fileID: 1602426523749962510}
  - {fileID: 810834494359311760}
  - {fileID: 8554086803665900407}
  - {fileID: 8164476268810562073}
  - {fileID: 527163378953349330}
  - {fileID: 2325985576036721541}
  - {fileID: 8725607623356518887}
  - {fileID: 7089226617815380894}
  - {fileID: 7070708918569236103}
  - {fileID: 1922700505951131543}
  - {fileID: 7938541272557415984}
  - {fileID: 5686570176169751359}
  - {fileID: 2507627859120746321}
  - {fileID: 863330603465886392}
  - {fileID: 3061908559860077157}
  - {fileID: 4128880601039968649}
  - {fileID: 8746092682283881367}
  - {fileID: 4810425400631197394}
  - {fileID: 1021227124891404239}
  m_BlendShapeWeights: []
  m_RootBone: {fileID: 1021227124891404239}
  m_AABB:
    m_Center: {x: -0.22055647, y: 0.15873148, z: 0.16054818}
    m_Extent: {x: 0.34419802, y: 0.17305826, z: 0.2761986}
  m_DirtyAABB: 0
--- !u!1 &6358039446795958508
GameObject:
  m_ObjectHideFlags: 0
  m_CorrespondingSourceObject: {fileID: 0}
  m_PrefabInstance: {fileID: 0}
  m_PrefabAsset: {fileID: 0}
  serializedVersion: 6
  m_Component:
  - component: {fileID: 5915007565805979588}
  m_Layer: 0
  m_Name: Bone031
  m_TagString: Untagged
  m_Icon: {fileID: 0}
  m_NavMeshLayer: 0
  m_StaticEditorFlags: 0
  m_IsActive: 1
--- !u!4 &5915007565805979588
Transform:
  m_ObjectHideFlags: 0
  m_CorrespondingSourceObject: {fileID: 0}
  m_PrefabInstance: {fileID: 0}
  m_PrefabAsset: {fileID: 0}
  m_GameObject: {fileID: 6358039446795958508}
  m_LocalRotation: {x: -7.379926e-11, y: -0.000000011288137, z: -0.006537059, w: 0.99997866}
  m_LocalPosition: {x: -0.08173682, y: -0.00000004005432, z: -0.0000000016081155}
  m_LocalScale: {x: 1, y: 1, z: 1}
  m_Children:
  - {fileID: 3543679116666571979}
  m_Father: {fileID: 3390113334389817222}
  m_RootOrder: 0
  m_LocalEulerAnglesHint: {x: 0, y: 0, z: 0}
--- !u!1 &6496064592621344561
GameObject:
  m_ObjectHideFlags: 0
  m_CorrespondingSourceObject: {fileID: 0}
  m_PrefabInstance: {fileID: 0}
  m_PrefabAsset: {fileID: 0}
  serializedVersion: 6
  m_Component:
  - component: {fileID: 4199147916186699696}
  m_Layer: 0
  m_Name: Bone036
  m_TagString: Untagged
  m_Icon: {fileID: 0}
  m_NavMeshLayer: 0
  m_StaticEditorFlags: 0
  m_IsActive: 1
--- !u!4 &4199147916186699696
Transform:
  m_ObjectHideFlags: 0
  m_CorrespondingSourceObject: {fileID: 0}
  m_PrefabInstance: {fileID: 0}
  m_PrefabAsset: {fileID: 0}
  m_GameObject: {fileID: 6496064592621344561}
  m_LocalRotation: {x: 0.0017020713, y: 0.053299885, z: -0.031890176, w: 0.99806774}
  m_LocalPosition: {x: -0.08126402, y: -0.00000019025802, z: -0.00000010681152}
  m_LocalScale: {x: 1, y: 1, z: 1}
  m_Children:
  - {fileID: 4939683082663757381}
  m_Father: {fileID: 7847283617511789618}
  m_RootOrder: 0
  m_LocalEulerAnglesHint: {x: 0, y: 0, z: 0}
--- !u!1 &6540971541591306320
GameObject:
  m_ObjectHideFlags: 0
  m_CorrespondingSourceObject: {fileID: 0}
  m_PrefabInstance: {fileID: 0}
  m_PrefabAsset: {fileID: 0}
  serializedVersion: 6
  m_Component:
  - component: {fileID: 7070708918569236103}
  m_Layer: 0
  m_Name: Bone095
  m_TagString: Untagged
  m_Icon: {fileID: 0}
  m_NavMeshLayer: 0
  m_StaticEditorFlags: 0
  m_IsActive: 1
--- !u!4 &7070708918569236103
Transform:
  m_ObjectHideFlags: 0
  m_CorrespondingSourceObject: {fileID: 0}
  m_PrefabInstance: {fileID: 0}
  m_PrefabAsset: {fileID: 0}
  m_GameObject: {fileID: 6540971541591306320}
  m_LocalRotation: {x: -0.0003228858, y: 0.014314029, z: 0.022562515, w: 0.9996429}
  m_LocalPosition: {x: -0.12187248, y: -0.000000037550926, z: -0.00000002670288}
  m_LocalScale: {x: 1, y: 1, z: 1}
  m_Children:
  - {fileID: 1922700505951131543}
  m_Father: {fileID: 1602426523749962510}
  m_RootOrder: 0
  m_LocalEulerAnglesHint: {x: 0, y: 0, z: 0}
--- !u!1 &6914644524899943455
GameObject:
  m_ObjectHideFlags: 0
  m_CorrespondingSourceObject: {fileID: 0}
  m_PrefabInstance: {fileID: 0}
  m_PrefabAsset: {fileID: 0}
  serializedVersion: 6
  m_Component:
  - component: {fileID: 8554086803665900407}
  m_Layer: 0
  m_Name: Bone089
  m_TagString: Untagged
  m_Icon: {fileID: 0}
  m_NavMeshLayer: 0
  m_StaticEditorFlags: 0
  m_IsActive: 1
--- !u!4 &8554086803665900407
Transform:
  m_ObjectHideFlags: 0
  m_CorrespondingSourceObject: {fileID: 0}
  m_PrefabInstance: {fileID: 0}
  m_PrefabAsset: {fileID: 0}
  m_GameObject: {fileID: 6914644524899943455}
  m_LocalRotation: {x: -0.00004664615, y: -0.04914557, z: -0.00094799517, w: 0.99879116}
  m_LocalPosition: {x: -0.06904836, y: 0.0000001952648, z: 0.00000002670288}
  m_LocalScale: {x: 1, y: 1, z: 1}
  m_Children:
  - {fileID: 5686570176169751359}
  m_Father: {fileID: 8164476268810562073}
  m_RootOrder: 0
  m_LocalEulerAnglesHint: {x: 0, y: 0, z: 0}
--- !u!1 &6993616270767455030
GameObject:
  m_ObjectHideFlags: 0
  m_CorrespondingSourceObject: {fileID: 0}
  m_PrefabInstance: {fileID: 0}
  m_PrefabAsset: {fileID: 0}
  serializedVersion: 6
  m_Component:
  - component: {fileID: 1778746281893763350}
  m_Layer: 0
  m_Name: Bone039
  m_TagString: Untagged
  m_Icon: {fileID: 0}
  m_NavMeshLayer: 0
  m_StaticEditorFlags: 0
  m_IsActive: 1
--- !u!4 &1778746281893763350
Transform:
  m_ObjectHideFlags: 0
  m_CorrespondingSourceObject: {fileID: 0}
  m_PrefabInstance: {fileID: 0}
  m_PrefabAsset: {fileID: 0}
  m_GameObject: {fileID: 6993616270767455030}
  m_LocalRotation: {x: -0.00007171204, y: 0.015563644, z: 0.004613535, w: 0.9998683}
  m_LocalPosition: {x: -0.12068084, y: -0.00000000333786, z: 0.00000005340576}
  m_LocalScale: {x: 1, y: 1, z: 1}
  m_Children: []
  m_Father: {fileID: 6597981106628805335}
  m_RootOrder: 0
  m_LocalEulerAnglesHint: {x: 0, y: 0, z: 0}
--- !u!1 &7072772703030441047
GameObject:
  m_ObjectHideFlags: 0
  m_CorrespondingSourceObject: {fileID: 0}
  m_PrefabInstance: {fileID: 0}
  m_PrefabAsset: {fileID: 0}
  serializedVersion: 6
  m_Component:
  - component: {fileID: 7089226617815380894}
  m_Layer: 0
  m_Name: Bone078
  m_TagString: Untagged
  m_Icon: {fileID: 0}
  m_NavMeshLayer: 0
  m_StaticEditorFlags: 0
  m_IsActive: 1
--- !u!4 &7089226617815380894
Transform:
  m_ObjectHideFlags: 0
  m_CorrespondingSourceObject: {fileID: 0}
  m_PrefabInstance: {fileID: 0}
  m_PrefabAsset: {fileID: 0}
  m_GameObject: {fileID: 7072772703030441047}
  m_LocalRotation: {x: -0.00012843507, y: 0.035026778, z: 0.003671282, w: 0.99937963}
  m_LocalPosition: {x: -0.084204115, y: 0.0000020427703, z: -0.00000001335144}
  m_LocalScale: {x: 1, y: 1, z: 1}
  m_Children:
  - {fileID: 8725607623356518887}
  m_Father: {fileID: 1021227124891404239}
  m_RootOrder: 0
  m_LocalEulerAnglesHint: {x: 0, y: 0, z: 0}
--- !u!1 &7346167884536341922
GameObject:
  m_ObjectHideFlags: 0
  m_CorrespondingSourceObject: {fileID: 0}
  m_PrefabInstance: {fileID: 0}
  m_PrefabAsset: {fileID: 0}
  serializedVersion: 6
  m_Component:
  - component: {fileID: 8164476268810562073}
  m_Layer: 0
  m_Name: Bone088
  m_TagString: Untagged
  m_Icon: {fileID: 0}
  m_NavMeshLayer: 0
  m_StaticEditorFlags: 0
  m_IsActive: 1
--- !u!4 &8164476268810562073
Transform:
  m_ObjectHideFlags: 0
  m_CorrespondingSourceObject: {fileID: 0}
  m_PrefabInstance: {fileID: 0}
  m_PrefabAsset: {fileID: 0}
  m_GameObject: {fileID: 7346167884536341922}
  m_LocalRotation: {x: 0.00009287831, y: 0.089537285, z: -0.0011431912, w: 0.9959828}
  m_LocalPosition: {x: -0.08205464, y: 0, z: -0.00000008010864}
  m_LocalScale: {x: 1, y: 1, z: 1}
  m_Children:
  - {fileID: 8554086803665900407}
  m_Father: {fileID: 8746092682283881367}
  m_RootOrder: 0
  m_LocalEulerAnglesHint: {x: 0, y: 0, z: 0}
--- !u!1 &7395562491706349409
GameObject:
  m_ObjectHideFlags: 0
  m_CorrespondingSourceObject: {fileID: 0}
  m_PrefabInstance: {fileID: 0}
  m_PrefabAsset: {fileID: 0}
  serializedVersion: 6
  m_Component:
  - component: {fileID: 3927894737321729045}
  m_Layer: 0
  m_Name: Bone048
  m_TagString: Untagged
  m_Icon: {fileID: 0}
  m_NavMeshLayer: 0
  m_StaticEditorFlags: 0
  m_IsActive: 1
--- !u!4 &3927894737321729045
Transform:
  m_ObjectHideFlags: 0
  m_CorrespondingSourceObject: {fileID: 0}
  m_PrefabInstance: {fileID: 0}
  m_PrefabAsset: {fileID: 0}
  m_GameObject: {fileID: 7395562491706349409}
  m_LocalRotation: {x: 0.0009047817, y: 0.023478601, z: 0.025893673, w: 0.9993886}
  m_LocalPosition: {x: -0.0820548, y: -0.00000002670288, z: 0}
  m_LocalScale: {x: 1, y: 1, z: 1}
  m_Children:
  - {fileID: 8529498211117245536}
  m_Father: {fileID: 2489752962503393242}
  m_RootOrder: 0
  m_LocalEulerAnglesHint: {x: 0, y: 0, z: 0}
--- !u!1 &7454987125802384535
GameObject:
  m_ObjectHideFlags: 0
  m_CorrespondingSourceObject: {fileID: 0}
  m_PrefabInstance: {fileID: 0}
  m_PrefabAsset: {fileID: 0}
  serializedVersion: 6
  m_Component:
  - component: {fileID: 2507627859120746321}
  m_Layer: 0
  m_Name: Bone086
  m_TagString: Untagged
  m_Icon: {fileID: 0}
  m_NavMeshLayer: 0
  m_StaticEditorFlags: 0
  m_IsActive: 1
--- !u!4 &2507627859120746321
Transform:
  m_ObjectHideFlags: 0
  m_CorrespondingSourceObject: {fileID: 0}
  m_PrefabInstance: {fileID: 0}
  m_PrefabAsset: {fileID: 0}
  m_GameObject: {fileID: 7454987125802384535}
  m_LocalRotation: {x: -0.0002855229, y: -0.01327197, z: -0.021530466, w: 0.9996801}
  m_LocalPosition: {x: -0.11426202, y: 0.00011204529, z: -0.00006895351}
  m_LocalScale: {x: 1, y: 1, z: 1}
  m_Children: []
  m_Father: {fileID: 863330603465886392}
  m_RootOrder: 0
  m_LocalEulerAnglesHint: {x: 0, y: 0, z: 0}
--- !u!1 &8148945144723104273
GameObject:
  m_ObjectHideFlags: 0
  m_CorrespondingSourceObject: {fileID: 0}
  m_PrefabInstance: {fileID: 0}
  m_PrefabAsset: {fileID: 0}
  serializedVersion: 6
  m_Component:
  - component: {fileID: 3543679116666571979}
  m_Layer: 0
  m_Name: Bone032
  m_TagString: Untagged
  m_Icon: {fileID: 0}
  m_NavMeshLayer: 0
  m_StaticEditorFlags: 0
  m_IsActive: 1
--- !u!4 &3543679116666571979
Transform:
  m_ObjectHideFlags: 0
  m_CorrespondingSourceObject: {fileID: 0}
  m_PrefabInstance: {fileID: 0}
  m_PrefabAsset: {fileID: 0}
  m_GameObject: {fileID: 8148945144723104273}
  m_LocalRotation: {x: 5.1045572e-15, y: -9.022603e-16, z: -0.0027580108, w: 0.9999962}
  m_LocalPosition: {x: -0.068863094, y: -0.00000002670288, z: 7.42667e-10}
  m_LocalScale: {x: 1, y: 1, z: 1}
  m_Children:
  - {fileID: 1330042764783404375}
  m_Father: {fileID: 5915007565805979588}
  m_RootOrder: 0
  m_LocalEulerAnglesHint: {x: 0, y: 0, z: 0}
--- !u!1 &8232807321375826964
GameObject:
  m_ObjectHideFlags: 0
  m_CorrespondingSourceObject: {fileID: 0}
  m_PrefabInstance: {fileID: 0}
  m_PrefabAsset: {fileID: 0}
  serializedVersion: 6
  m_Component:
  - component: {fileID: 4810425400631197394}
  m_Layer: 0
  m_Name: Bone082
  m_TagString: Untagged
  m_Icon: {fileID: 0}
  m_NavMeshLayer: 0
  m_StaticEditorFlags: 0
  m_IsActive: 1
--- !u!4 &4810425400631197394
Transform:
  m_ObjectHideFlags: 0
  m_CorrespondingSourceObject: {fileID: 0}
  m_PrefabInstance: {fileID: 0}
  m_PrefabAsset: {fileID: 0}
  m_GameObject: {fileID: 8232807321375826964}
  m_LocalRotation: {x: -0.24584882, y: -0.30560774, z: 0.71351695, w: 0.5805651}
  m_LocalPosition: {x: 0.13311446, y: 0.6388685, z: 0.11405282}
  m_LocalScale: {x: 1, y: 1, z: 1}
  m_Children:
  - {fileID: 2325985576036721541}
  m_Father: {fileID: 8386152663733437686}
  m_RootOrder: 6
  m_LocalEulerAnglesHint: {x: 0, y: 0, z: 0}
--- !u!1 &8324326718538994516
GameObject:
  m_ObjectHideFlags: 0
  m_CorrespondingSourceObject: {fileID: 0}
  m_PrefabInstance: {fileID: 0}
  m_PrefabAsset: {fileID: 0}
  serializedVersion: 6
  m_Component:
  - component: {fileID: 810834494359311760}
  m_Layer: 0
  m_Name: Bone093
  m_TagString: Untagged
  m_Icon: {fileID: 0}
  m_NavMeshLayer: 0
  m_StaticEditorFlags: 0
  m_IsActive: 1
--- !u!4 &810834494359311760
Transform:
  m_ObjectHideFlags: 0
  m_CorrespondingSourceObject: {fileID: 0}
  m_PrefabInstance: {fileID: 0}
  m_PrefabAsset: {fileID: 0}
  m_GameObject: {fileID: 8324326718538994516}
  m_LocalRotation: {x: -0.0017019202, y: 0.053299885, z: 0.03189023, w: 0.99806774}
  m_LocalPosition: {x: -0.08126386, y: 0.00000022530556, z: 0.00000010681152}
  m_LocalScale: {x: 1, y: 1, z: 1}
  m_Children:
  - {fileID: 1602426523749962510}
  m_Father: {fileID: 57682386668269247}
  m_RootOrder: 0
  m_LocalEulerAnglesHint: {x: 0, y: 0, z: 0}
--- !u!1 &8448717347099285148
GameObject:
  m_ObjectHideFlags: 0
  m_CorrespondingSourceObject: {fileID: 0}
  m_PrefabInstance: {fileID: 0}
  m_PrefabAsset: {fileID: 0}
  serializedVersion: 6
  m_Component:
  - component: {fileID: 5686570176169751359}
  m_Layer: 0
  m_Name: Bone090
  m_TagString: Untagged
  m_Icon: {fileID: 0}
  m_NavMeshLayer: 0
  m_StaticEditorFlags: 0
  m_IsActive: 1
--- !u!4 &5686570176169751359
Transform:
  m_ObjectHideFlags: 0
  m_CorrespondingSourceObject: {fileID: 0}
  m_PrefabInstance: {fileID: 0}
  m_PrefabAsset: {fileID: 0}
  m_GameObject: {fileID: 8448717347099285148}
  m_LocalRotation: {x: -0.000032926455, y: 0.00855868, z: 0.0038469725, w: 0.999956}
  m_LocalPosition: {x: -0.12629354, y: -0.00000008010864, z: 0}
  m_LocalScale: {x: 1, y: 1, z: 1}
  m_Children:
  - {fileID: 7938541272557415984}
  m_Father: {fileID: 8554086803665900407}
  m_RootOrder: 0
  m_LocalEulerAnglesHint: {x: 0, y: 0, z: 0}
--- !u!1 &8521712078602460551
GameObject:
  m_ObjectHideFlags: 0
  m_CorrespondingSourceObject: {fileID: 0}
  m_PrefabInstance: {fileID: 0}
  m_PrefabAsset: {fileID: 0}
  serializedVersion: 6
  m_Component:
  - component: {fileID: 5330778702695367036}
  m_Layer: 0
  m_Name: Bone044
  m_TagString: Untagged
  m_Icon: {fileID: 0}
  m_NavMeshLayer: 0
  m_StaticEditorFlags: 0
  m_IsActive: 1
--- !u!4 &5330778702695367036
Transform:
  m_ObjectHideFlags: 0
  m_CorrespondingSourceObject: {fileID: 0}
  m_PrefabInstance: {fileID: 0}
  m_PrefabAsset: {fileID: 0}
  m_GameObject: {fileID: 8521712078602460551}
  m_LocalRotation: {x: 0.00003292568, y: 0.008558591, z: -0.0038469017, w: 0.999956}
  m_LocalPosition: {x: -0.12629351, y: 0.00000007927417, z: 0.00000002670288}
  m_LocalScale: {x: 1, y: 1, z: 1}
  m_Children:
  - {fileID: 6625291342621689934}
  m_Father: {fileID: 6602609771227389547}
  m_RootOrder: 0
  m_LocalEulerAnglesHint: {x: 0, y: 0, z: 0}
--- !u!1 &8680437571021737648
GameObject:
  m_ObjectHideFlags: 0
  m_CorrespondingSourceObject: {fileID: 0}
  m_PrefabInstance: {fileID: 0}
  m_PrefabAsset: {fileID: 0}
  serializedVersion: 6
  m_Component:
  - component: {fileID: 4939683082663757381}
  m_Layer: 0
  m_Name: Bone037
  m_TagString: Untagged
  m_Icon: {fileID: 0}
  m_NavMeshLayer: 0
  m_StaticEditorFlags: 0
  m_IsActive: 1
--- !u!4 &4939683082663757381
Transform:
  m_ObjectHideFlags: 0
  m_CorrespondingSourceObject: {fileID: 0}
  m_PrefabInstance: {fileID: 0}
  m_PrefabAsset: {fileID: 0}
  m_GameObject: {fileID: 8680437571021737648}
  m_LocalRotation: {x: 0.000030762396, y: -0.016719362, z: 0.020447787, w: 0.99965113}
  m_LocalPosition: {x: -0.07077299, y: -0.0000007109642, z: 0.00000005340576}
  m_LocalScale: {x: 1, y: 1, z: 1}
  m_Children:
  - {fileID: 6597981106628805335}
  m_Father: {fileID: 4199147916186699696}
  m_RootOrder: 0
  m_LocalEulerAnglesHint: {x: 0, y: 0, z: 0}
--- !u!1 &9119439291555246830
GameObject:
  m_ObjectHideFlags: 0
  m_CorrespondingSourceObject: {fileID: 0}
  m_PrefabInstance: {fileID: 0}
  m_PrefabAsset: {fileID: 0}
  serializedVersion: 6
  m_Component:
  - component: {fileID: 6122837891923236168}
  m_Layer: 0
  m_Name: Bone034
  m_TagString: Untagged
  m_Icon: {fileID: 0}
  m_NavMeshLayer: 0
  m_StaticEditorFlags: 0
  m_IsActive: 1
--- !u!4 &6122837891923236168
Transform:
  m_ObjectHideFlags: 0
  m_CorrespondingSourceObject: {fileID: 0}
  m_PrefabInstance: {fileID: 0}
  m_PrefabAsset: {fileID: 0}
  m_GameObject: {fileID: 9119439291555246830}
  m_LocalRotation: {x: 6.1048845e-15, y: -9.873831e-16, z: -0.016228752, w: 0.99986833}
  m_LocalPosition: {x: -0.11889271, y: -0.00000094795223, z: 9.479926e-10}
  m_LocalScale: {x: 1, y: 1, z: 1}
  m_Children: []
  m_Father: {fileID: 1330042764783404375}
  m_RootOrder: 0
  m_LocalEulerAnglesHint: {x: 0, y: 0, z: 0}
