%YAML 1.1
%TAG !u! tag:unity3d.com,2011:
--- !u!243 &-7496932491012692240
AudioMixerGroupController:
  m_ObjectHideFlags: 0
  m_CorrespondingSourceObject: {fileID: 0}
  m_PrefabInstance: {fileID: 0}
  m_PrefabAsset: {fileID: 0}
  m_Name: Music
  m_AudioMixer: {fileID: 24100000}
  m_GroupID: 5e0f55c06adf96543a3279d48278d2a5
  m_Children: []
  m_Volume: dbf2ab741a7022f46bae8008fc106ab6
  m_Pitch: 65a4983364e56694ebdb216433c0ae66
  m_Send: 00000000000000000000000000000000
  m_Effects:
  - {fileID: 1526350102416400277}
  - {fileID: 3240140767086318102}
  - {fileID: -166734904392228750}
  m_UserColorIndex: 0
  m_Mute: 0
  m_Solo: 0
  m_BypassEffects: 0
--- !u!245 &-2661772781177076281
AudioMixerSnapshotController:
  m_ObjectHideFlags: 0
  m_CorrespondingSourceObject: {fileID: 0}
  m_PrefabInstance: {fileID: 0}
  m_PrefabAsset: {fileID: 0}
  m_Name: PAST
  m_AudioMixer: {fileID: 24100000}
  m_SnapshotID: d01539afa736ab842b6435af818e6903
  m_FloatValues:
    8ea3352b5dc00a0498e3dbabb5548012: 0
    5e4cae1f4ac9b6846aa7ba0a36a86671: 1
  m_TransitionOverrides: {}
--- !u!244 &-166734904392228750
AudioMixerEffectController:
  m_ObjectHideFlags: 3
  m_CorrespondingSourceObject: {fileID: 0}
  m_PrefabInstance: {fileID: 0}
  m_PrefabAsset: {fileID: 0}
  m_Name: 
  m_EffectID: be76b7f1fb8921c4984bd0b58027de85
  m_EffectName: Echo
  m_MixLevel: 4cd2a4e860d2b824c8e45076be7e70c6
  m_Parameters:
  - m_ParameterName: Delay
    m_GUID: 5e4cae1f4ac9b6846aa7ba0a36a86671
  - m_ParameterName: Decay
    m_GUID: 8ea3352b5dc00a0498e3dbabb5548012
  - m_ParameterName: Max channels
    m_GUID: 5a377651ecdd1a24e9bba57e3f33b1b3
  - m_ParameterName: Drymix
    m_GUID: dd37c7927d7076145ab58ddf21fb0810
  - m_ParameterName: Wetmix
    m_GUID: 066f0b99282ddc54fb500f1491487e8a
  m_SendTarget: {fileID: 0}
  m_EnableWetMix: 0
  m_Bypass: 0
--- !u!241 &24100000
AudioMixerController:
  m_ObjectHideFlags: 0
  m_CorrespondingSourceObject: {fileID: 0}
  m_PrefabInstance: {fileID: 0}
  m_PrefabAsset: {fileID: 0}
  m_Name: MusicMixer
  m_OutputGroup: {fileID: 0}
  m_MasterGroup: {fileID: 24300002}
  m_Snapshots:
  - {fileID: 24500006}
  - {fileID: -2661772781177076281}
  - {fileID: 6689980810937194067}
  m_StartSnapshot: {fileID: -2661772781177076281}
  m_SuspendThreshold: -80
  m_EnableSuspend: 1
  m_UpdateMode: 0
  m_ExposedParameters: []
  m_AudioMixerGroupViews:
  - guids:
    - d3ac7a4b78d695842aa102ed418c4c8b
    - 5e0f55c06adf96543a3279d48278d2a5
    name: View
  m_CurrentViewIndex: 0
  m_TargetSnapshot: {fileID: 6689980810937194067}
--- !u!243 &24300002
AudioMixerGroupController:
  m_ObjectHideFlags: 0
  m_CorrespondingSourceObject: {fileID: 0}
  m_PrefabInstance: {fileID: 0}
  m_PrefabAsset: {fileID: 0}
  m_Name: Master
  m_AudioMixer: {fileID: 24100000}
  m_GroupID: d3ac7a4b78d695842aa102ed418c4c8b
  m_Children:
  - {fileID: -7496932491012692240}
  m_Volume: be0245a438881184bbac365ac346937a
  m_Pitch: 9db4b31846bde864f91835fbf871bf83
  m_Send: 00000000000000000000000000000000
  m_Effects:
  - {fileID: 24400004}
  m_UserColorIndex: 0
  m_Mute: 0
  m_Solo: 0
  m_BypassEffects: 0
--- !u!244 &24400004
AudioMixerEffectController:
  m_ObjectHideFlags: 3
  m_CorrespondingSourceObject: {fileID: 0}
  m_PrefabInstance: {fileID: 0}
  m_PrefabAsset: {fileID: 0}
  m_Name: 
  m_EffectID: 5cf9ddf5f98db8b4b857557f86d6a7f9
  m_EffectName: Attenuation
  m_MixLevel: d1dfbb155b259e640b279a3eb3513975
  m_Parameters: []
  m_SendTarget: {fileID: 0}
  m_EnableWetMix: 0
  m_Bypass: 0
--- !u!245 &24500006
AudioMixerSnapshotController:
  m_ObjectHideFlags: 0
  m_CorrespondingSourceObject: {fileID: 0}
  m_PrefabInstance: {fileID: 0}
  m_PrefabAsset: {fileID: 0}
  m_Name: Snapshot
  m_AudioMixer: {fileID: 24100000}
  m_SnapshotID: 74b0810aac51eb045b0de116f3be6ffc
  m_FloatValues: {}
  m_TransitionOverrides: {}
--- !u!244 &1526350102416400277
AudioMixerEffectController:
  m_ObjectHideFlags: 3
  m_CorrespondingSourceObject: {fileID: 0}
  m_PrefabInstance: {fileID: 0}
  m_PrefabAsset: {fileID: 0}
  m_Name: 
  m_EffectID: 490aa896834b9554395f30c72bbbfdba
  m_EffectName: Attenuation
  m_MixLevel: 3304624c16c11694ba5ad65fc24726e7
  m_Parameters: []
  m_SendTarget: {fileID: 0}
  m_EnableWetMix: 0
  m_Bypass: 0
--- !u!244 &3240140767086318102
AudioMixerEffectController:
  m_ObjectHideFlags: 3
  m_CorrespondingSourceObject: {fileID: 0}
  m_PrefabInstance: {fileID: 0}
  m_PrefabAsset: {fileID: 0}
  m_Name: 
  m_EffectID: 834106652f24f6e41bb98143f06e0500
  m_EffectName: Pitch Shifter
  m_MixLevel: c6d42f2ca91d11741ba72c3a40a41423
  m_Parameters:
  - m_ParameterName: Pitch
    m_GUID: d25acbf4e15b07a42b3430f07d75f80d
  - m_ParameterName: FFT size
    m_GUID: 2a45bc4e9748ff44385bb361b7fb59b5
  - m_ParameterName: Overlap
    m_GUID: 4f094e54eac2848439672c8d89bbfbf3
  - m_ParameterName: Max channels
    m_GUID: afdaea472a24b7342ba8842d32a4f5df
  m_SendTarget: {fileID: 0}
  m_EnableWetMix: 0
  m_Bypass: 0
--- !u!245 &6689980810937194067
AudioMixerSnapshotController:
  m_ObjectHideFlags: 0
  m_CorrespondingSourceObject: {fileID: 0}
  m_PrefabInstance: {fileID: 0}
  m_PrefabAsset: {fileID: 0}
  m_Name: FUTURE
  m_AudioMixer: {fileID: 24100000}
  m_SnapshotID: a3b2935ac2a28f34995ea6635dbaef78
  m_FloatValues:
    65a4983364e56694ebdb216433c0ae66: 1
    dbf2ab741a7022f46bae8008fc106ab6: 4.25
    d25acbf4e15b07a42b3430f07d75f80d: 0.9
    8ea3352b5dc00a0498e3dbabb5548012: 0.5
    5e4cae1f4ac9b6846aa7ba0a36a86671: 750
  m_TransitionOverrides: {}
