%YAML 1.1
%TAG !u! tag:unity3d.com,2011:
--- !u!1 &5496214191026952603
GameObject:
  m_ObjectHideFlags: 0
  m_CorrespondingSourceObject: {fileID: 0}
  m_PrefabInstance: {fileID: 0}
  m_PrefabAsset: {fileID: 0}
  serializedVersion: 6
  m_Component:
  - component: {fileID: 9203443067305360472}
  m_Layer: 16
  m_Name: rock_small_01
  m_TagString: Environment
  m_Icon: {fileID: 0}
  m_NavMeshLayer: 0
  m_StaticEditorFlags: 29
  m_IsActive: 1
--- !u!4 &9203443067305360472
Transform:
  m_ObjectHideFlags: 0
  m_CorrespondingSourceObject: {fileID: 0}
  m_PrefabInstance: {fileID: 0}
  m_PrefabAsset: {fileID: 0}
  m_GameObject: {fileID: 5496214191026952603}
  m_LocalRotation: {x: 0, y: 0, z: 0, w: 1}
  m_LocalPosition: {x: 0, y: 0, z: 0}
  m_LocalScale: {x: 1, y: 1, z: 1}
  m_Children:
  - {fileID: 7330012705840499042}
  - {fileID: 6643357991459043063}
  m_Father: {fileID: 0}
  m_RootOrder: 0
  m_LocalEulerAnglesHint: {x: 0, y: 0, z: 0}
--- !u!1 &5572165792415480083
GameObject:
  m_ObjectHideFlags: 0
  m_CorrespondingSourceObject: {fileID: 0}
  m_PrefabInstance: {fileID: 0}
  m_PrefabAsset: {fileID: 0}
  serializedVersion: 6
  m_Component:
  - component: {fileID: 6643357991459043063}
  - component: {fileID: 1035718282256206423}
  m_Layer: 16
  m_Name: Collider
  m_TagString: Environment
  m_Icon: {fileID: 0}
  m_NavMeshLayer: 0
  m_StaticEditorFlags: 29
  m_IsActive: 1
--- !u!4 &6643357991459043063
Transform:
  m_ObjectHideFlags: 0
  m_CorrespondingSourceObject: {fileID: 0}
  m_PrefabInstance: {fileID: 0}
  m_PrefabAsset: {fileID: 0}
  m_GameObject: {fileID: 5572165792415480083}
  m_LocalRotation: {x: 0, y: 0, z: 0, w: 1}
  m_LocalPosition: {x: 0, y: 0, z: 0}
  m_LocalScale: {x: 1, y: 1, z: 1}
  m_Children: []
  m_Father: {fileID: 9203443067305360472}
  m_RootOrder: 1
  m_LocalEulerAnglesHint: {x: 0, y: 0, z: 0}
--- !u!65 &1035718282256206423
BoxCollider:
  m_ObjectHideFlags: 0
  m_CorrespondingSourceObject: {fileID: 0}
  m_PrefabInstance: {fileID: 0}
  m_PrefabAsset: {fileID: 0}
  m_GameObject: {fileID: 5572165792415480083}
  m_Material: {fileID: 0}
  m_IsTrigger: 0
  m_Enabled: 1
  serializedVersion: 2
  m_Size: {x: 1, y: 1, z: 1}
  m_Center: {x: 0.12, y: 0.66, z: -0.06}
--- !u!1001 &2360971932932809336
PrefabInstance:
  m_ObjectHideFlags: 0
  serializedVersion: 2
  m_Modification:
    m_TransformParent: {fileID: 9203443067305360472}
    m_Modifications:
    - target: {fileID: -4216859302048453862, guid: e8be87506c54d7d4292648d04b6769b3,
        type: 3}
      propertyPath: m_LocalPosition.x
      value: 0
      objectReference: {fileID: 0}
    - target: {fileID: -4216859302048453862, guid: e8be87506c54d7d4292648d04b6769b3,
        type: 3}
      propertyPath: m_LocalPosition.y
      value: 0.598
      objectReference: {fileID: 0}
    - target: {fileID: -4216859302048453862, guid: e8be87506c54d7d4292648d04b6769b3,
        type: 3}
      propertyPath: m_LocalPosition.z
      value: 0
      objectReference: {fileID: 0}
    - target: {fileID: -4216859302048453862, guid: e8be87506c54d7d4292648d04b6769b3,
        type: 3}
      propertyPath: m_LocalRotation.x
      value: -0
      objectReference: {fileID: 0}
    - target: {fileID: -4216859302048453862, guid: e8be87506c54d7d4292648d04b6769b3,
        type: 3}
      propertyPath: m_LocalRotation.y
      value: -0
      objectReference: {fileID: 0}
    - target: {fileID: -4216859302048453862, guid: e8be87506c54d7d4292648d04b6769b3,
        type: 3}
      propertyPath: m_LocalRotation.z
      value: -0
      objectReference: {fileID: 0}
    - target: {fileID: -4216859302048453862, guid: e8be87506c54d7d4292648d04b6769b3,
        type: 3}
      propertyPath: m_LocalRotation.w
      value: 1
      objectReference: {fileID: 0}
    - target: {fileID: -4216859302048453862, guid: e8be87506c54d7d4292648d04b6769b3,
        type: 3}
      propertyPath: m_RootOrder
      value: 0
      objectReference: {fileID: 0}
    - target: {fileID: -4216859302048453862, guid: e8be87506c54d7d4292648d04b6769b3,
        type: 3}
      propertyPath: m_LocalEulerAnglesHint.x
      value: 0
      objectReference: {fileID: 0}
    - target: {fileID: -4216859302048453862, guid: e8be87506c54d7d4292648d04b6769b3,
        type: 3}
      propertyPath: m_LocalEulerAnglesHint.y
      value: 0
      objectReference: {fileID: 0}
    - target: {fileID: -4216859302048453862, guid: e8be87506c54d7d4292648d04b6769b3,
        type: 3}
      propertyPath: m_LocalEulerAnglesHint.z
      value: 0
      objectReference: {fileID: 0}
    - target: {fileID: -4216859302048453862, guid: e8be87506c54d7d4292648d04b6769b3,
        type: 3}
      propertyPath: m_LocalScale.x
      value: 63.83482
      objectReference: {fileID: 0}
    - target: {fileID: -4216859302048453862, guid: e8be87506c54d7d4292648d04b6769b3,
        type: 3}
      propertyPath: m_LocalScale.y
      value: 63.83482
      objectReference: {fileID: 0}
    - target: {fileID: -4216859302048453862, guid: e8be87506c54d7d4292648d04b6769b3,
        type: 3}
      propertyPath: m_LocalScale.z
      value: 63.83482
      objectReference: {fileID: 0}
    - target: {fileID: -927199367670048503, guid: e8be87506c54d7d4292648d04b6769b3,
        type: 3}
      propertyPath: m_Name
      value: rock_small_01
      objectReference: {fileID: 0}
    - target: {fileID: -927199367670048503, guid: e8be87506c54d7d4292648d04b6769b3,
        type: 3}
      propertyPath: m_Layer
      value: 16
      objectReference: {fileID: 0}
    - target: {fileID: -927199367670048503, guid: e8be87506c54d7d4292648d04b6769b3,
        type: 3}
      propertyPath: m_StaticEditorFlags
      value: 29
      objectReference: {fileID: 0}
    - target: {fileID: -1504981713932161579, guid: e8be87506c54d7d4292648d04b6769b3,
        type: 3}
      propertyPath: m_Materials.Array.data[0]
      value: 
      objectReference: {fileID: 2100000, guid: aa933ae8c5826704bb004c11d468f8df, type: 2}
    m_RemovedComponents: []
  m_SourcePrefab: {fileID: 100100000, guid: e8be87506c54d7d4292648d04b6769b3, type: 3}
--- !u!4 &7330012705840499042 stripped
Transform:
  m_CorrespondingSourceObject: {fileID: -4216859302048453862, guid: e8be87506c54d7d4292648d04b6769b3,
    type: 3}
  m_PrefabInstance: {fileID: 2360971932932809336}
  m_PrefabAsset: {fileID: 0}
