%YAML 1.1
%TAG !u! tag:unity3d.com,2011:
--- !u!1 &281125474148480864
GameObject:
  m_ObjectHideFlags: 0
  m_CorrespondingSourceObject: {fileID: 0}
  m_PrefabInstance: {fileID: 0}
  m_PrefabAsset: {fileID: 0}
  serializedVersion: 6
  m_Component:
  - component: {fileID: 1085199602621568686}
  - component: {fileID: 3046343072741737753}
  - component: {fileID: 8106846610006867968}
  m_Layer: 0
  m_Name: S_Tem_3
  m_TagString: Untagged
  m_Icon: {fileID: 0}
  m_NavMeshLayer: 0
  m_StaticEditorFlags: 25
  m_IsActive: 1
--- !u!4 &1085199602621568686
Transform:
  m_ObjectHideFlags: 0
  m_CorrespondingSourceObject: {fileID: 0}
  m_PrefabInstance: {fileID: 0}
  m_PrefabAsset: {fileID: 0}
  m_GameObject: {fileID: 281125474148480864}
  m_LocalRotation: {x: 0, y: -0, z: -0, w: 1}
  m_LocalPosition: {x: -4.5276566, y: 0, z: 27.604252}
  m_LocalScale: {x: 1, y: 1, z: 1}
  m_Children: []
  m_Father: {fileID: 338607575646432677}
  m_RootOrder: 2
  m_LocalEulerAnglesHint: {x: 0, y: 0, z: 0}
--- !u!33 &3046343072741737753
MeshFilter:
  m_ObjectHideFlags: 0
  m_CorrespondingSourceObject: {fileID: 0}
  m_PrefabInstance: {fileID: 0}
  m_PrefabAsset: {fileID: 0}
  m_GameObject: {fileID: 281125474148480864}
  m_Mesh: {fileID: 150091441510222298, guid: 4fa9a615b45d8c84bbf1c80c08002cc2, type: 3}
--- !u!23 &8106846610006867968
MeshRenderer:
  m_ObjectHideFlags: 0
  m_CorrespondingSourceObject: {fileID: 0}
  m_PrefabInstance: {fileID: 0}
  m_PrefabAsset: {fileID: 0}
  m_GameObject: {fileID: 281125474148480864}
  m_Enabled: 1
  m_CastShadows: 1
  m_ReceiveShadows: 1
  m_DynamicOccludee: 1
  m_MotionVectors: 1
  m_LightProbeUsage: 1
  m_ReflectionProbeUsage: 1
  m_RenderingLayerMask: 1
  m_RendererPriority: 0
  m_Materials:
  - {fileID: 2100000, guid: 6c2b487475c0ad34ab5f6c0238bcd2a4, type: 2}
  m_StaticBatchInfo:
    firstSubMesh: 0
    subMeshCount: 0
  m_StaticBatchRoot: {fileID: 0}
  m_ProbeAnchor: {fileID: 0}
  m_LightProbeVolumeOverride: {fileID: 0}
  m_ScaleInLightmap: 1
  m_ReceiveGI: 1
  m_PreserveUVs: 0
  m_IgnoreNormalsForChartDetection: 0
  m_ImportantGI: 0
  m_StitchLightmapSeams: 1
  m_SelectedEditorRenderState: 3
  m_MinimumChartSize: 4
  m_AutoUVMaxDistance: 0.5
  m_AutoUVMaxAngle: 89
  m_LightmapParameters: {fileID: 0}
  m_SortingLayerID: 0
  m_SortingLayer: 0
  m_SortingOrder: 0
--- !u!1 &337815318337566530
GameObject:
  m_ObjectHideFlags: 0
  m_CorrespondingSourceObject: {fileID: 0}
  m_PrefabInstance: {fileID: 0}
  m_PrefabAsset: {fileID: 0}
  serializedVersion: 6
  m_Component:
  - component: {fileID: 1925301734323702396}
  - component: {fileID: 9140991042733367378}
  - component: {fileID: 8394760119459518684}
  m_Layer: 0
  m_Name: S_Tem_4
  m_TagString: Untagged
  m_Icon: {fileID: 0}
  m_NavMeshLayer: 0
  m_StaticEditorFlags: 25
  m_IsActive: 1
--- !u!4 &1925301734323702396
Transform:
  m_ObjectHideFlags: 0
  m_CorrespondingSourceObject: {fileID: 0}
  m_PrefabInstance: {fileID: 0}
  m_PrefabAsset: {fileID: 0}
  m_GameObject: {fileID: 337815318337566530}
  m_LocalRotation: {x: 0, y: -0, z: -0, w: 1}
  m_LocalPosition: {x: -0, y: 0, z: 27.765785}
  m_LocalScale: {x: 1, y: 1, z: 1}
  m_Children: []
  m_Father: {fileID: 338607575646432677}
  m_RootOrder: 3
  m_LocalEulerAnglesHint: {x: 0, y: 0, z: 0}
--- !u!33 &9140991042733367378
MeshFilter:
  m_ObjectHideFlags: 0
  m_CorrespondingSourceObject: {fileID: 0}
  m_PrefabInstance: {fileID: 0}
  m_PrefabAsset: {fileID: 0}
  m_GameObject: {fileID: 337815318337566530}
  m_Mesh: {fileID: -8796032486778812990, guid: 4fa9a615b45d8c84bbf1c80c08002cc2, type: 3}
--- !u!23 &8394760119459518684
MeshRenderer:
  m_ObjectHideFlags: 0
  m_CorrespondingSourceObject: {fileID: 0}
  m_PrefabInstance: {fileID: 0}
  m_PrefabAsset: {fileID: 0}
  m_GameObject: {fileID: 337815318337566530}
  m_Enabled: 1
  m_CastShadows: 1
  m_ReceiveShadows: 1
  m_DynamicOccludee: 1
  m_MotionVectors: 1
  m_LightProbeUsage: 1
  m_ReflectionProbeUsage: 1
  m_RenderingLayerMask: 1
  m_RendererPriority: 0
  m_Materials:
  - {fileID: 2100000, guid: 9ef0ad4f79a0df54fa91a3ab7df4fc93, type: 2}
  m_StaticBatchInfo:
    firstSubMesh: 0
    subMeshCount: 0
  m_StaticBatchRoot: {fileID: 0}
  m_ProbeAnchor: {fileID: 0}
  m_LightProbeVolumeOverride: {fileID: 0}
  m_ScaleInLightmap: 1
  m_ReceiveGI: 1
  m_PreserveUVs: 0
  m_IgnoreNormalsForChartDetection: 0
  m_ImportantGI: 0
  m_StitchLightmapSeams: 1
  m_SelectedEditorRenderState: 3
  m_MinimumChartSize: 4
  m_AutoUVMaxDistance: 0.5
  m_AutoUVMaxAngle: 89
  m_LightmapParameters: {fileID: 0}
  m_SortingLayerID: 0
  m_SortingLayer: 0
  m_SortingOrder: 0
--- !u!1 &3668639375593283510
GameObject:
  m_ObjectHideFlags: 0
  m_CorrespondingSourceObject: {fileID: 0}
  m_PrefabInstance: {fileID: 0}
  m_PrefabAsset: {fileID: 0}
  serializedVersion: 6
  m_Component:
  - component: {fileID: 338607575646432677}
  - component: {fileID: 1595251112128565521}
  - component: {fileID: 1833308453446636863}
  m_Layer: 0
  m_Name: gate_2
  m_TagString: Untagged
  m_Icon: {fileID: 0}
  m_NavMeshLayer: 0
  m_StaticEditorFlags: 25
  m_IsActive: 1
--- !u!4 &338607575646432677
Transform:
  m_ObjectHideFlags: 0
  m_CorrespondingSourceObject: {fileID: 0}
  m_PrefabInstance: {fileID: 0}
  m_PrefabAsset: {fileID: 0}
  m_GameObject: {fileID: 3668639375593283510}
  m_LocalRotation: {x: -0.70710677, y: 0, z: -0, w: 0.70710677}
  m_LocalPosition: {x: -295.18, y: 6.03, z: 3.64}
  m_LocalScale: {x: 0.089626424, y: 0.089626424, z: 0.089626424}
  m_Children:
  - {fileID: 7231654443616523452}
  - {fileID: 7496141403053956934}
  - {fileID: 1085199602621568686}
  - {fileID: 1925301734323702396}
  - {fileID: 9201237393623775761}
  - {fileID: 5932966483534325637}
  - {fileID: 5669064802402487091}
  m_Father: {fileID: 0}
  m_RootOrder: 0
  m_LocalEulerAnglesHint: {x: 0, y: 0, z: 0}
--- !u!65 &1595251112128565521
BoxCollider:
  m_ObjectHideFlags: 0
  m_CorrespondingSourceObject: {fileID: 0}
  m_PrefabInstance: {fileID: 0}
  m_PrefabAsset: {fileID: 0}
  m_GameObject: {fileID: 3668639375593283510}
  m_Material: {fileID: 0}
  m_IsTrigger: 0
  m_Enabled: 1
  serializedVersion: 2
  m_Size: {x: 11.149933, y: 9.8669615, z: 74.82979}
  m_Center: {x: -1.2462211, y: 25.648586, z: -28.511059}
--- !u!65 &1833308453446636863
BoxCollider:
  m_ObjectHideFlags: 0
  m_CorrespondingSourceObject: {fileID: 0}
  m_PrefabInstance: {fileID: 0}
  m_PrefabAsset: {fileID: 0}
  m_GameObject: {fileID: 3668639375593283510}
  m_Material: {fileID: 0}
  m_IsTrigger: 0
  m_Enabled: 1
  serializedVersion: 2
  m_Size: {x: 11.556828, y: 7.8978024, z: 73.15649}
  m_Center: {x: -1.0427737, y: -27.376059, z: -27.67442}
--- !u!1 &4390885613512102097
GameObject:
  m_ObjectHideFlags: 0
  m_CorrespondingSourceObject: {fileID: 0}
  m_PrefabInstance: {fileID: 0}
  m_PrefabAsset: {fileID: 0}
  serializedVersion: 6
  m_Component:
  - component: {fileID: 7496141403053956934}
  - component: {fileID: 3687679992995901397}
  - component: {fileID: 3344416010755969608}
  m_Layer: 0
  m_Name: S_Tem_2
  m_TagString: Untagged
  m_Icon: {fileID: 0}
  m_NavMeshLayer: 0
  m_StaticEditorFlags: 25
  m_IsActive: 1
--- !u!4 &7496141403053956934
Transform:
  m_ObjectHideFlags: 0
  m_CorrespondingSourceObject: {fileID: 0}
  m_PrefabInstance: {fileID: 0}
  m_PrefabAsset: {fileID: 0}
  m_GameObject: {fileID: 4390885613512102097}
  m_LocalRotation: {x: 0, y: -0, z: -0, w: 1}
  m_LocalPosition: {x: 0.86370087, y: 0, z: 31.374231}
  m_LocalScale: {x: 1, y: 1, z: 1}
  m_Children: []
  m_Father: {fileID: 338607575646432677}
  m_RootOrder: 1
  m_LocalEulerAnglesHint: {x: 0, y: 0, z: 0}
--- !u!33 &3687679992995901397
MeshFilter:
  m_ObjectHideFlags: 0
  m_CorrespondingSourceObject: {fileID: 0}
  m_PrefabInstance: {fileID: 0}
  m_PrefabAsset: {fileID: 0}
  m_GameObject: {fileID: 4390885613512102097}
  m_Mesh: {fileID: 7287099919037379437, guid: 4fa9a615b45d8c84bbf1c80c08002cc2, type: 3}
--- !u!23 &3344416010755969608
MeshRenderer:
  m_ObjectHideFlags: 0
  m_CorrespondingSourceObject: {fileID: 0}
  m_PrefabInstance: {fileID: 0}
  m_PrefabAsset: {fileID: 0}
  m_GameObject: {fileID: 4390885613512102097}
  m_Enabled: 1
  m_CastShadows: 1
  m_ReceiveShadows: 1
  m_DynamicOccludee: 1
  m_MotionVectors: 1
  m_LightProbeUsage: 1
  m_ReflectionProbeUsage: 1
  m_RenderingLayerMask: 1
  m_RendererPriority: 0
  m_Materials:
  - {fileID: 2100000, guid: 8d0453a5460d13d43b130359d0a6895b, type: 2}
  m_StaticBatchInfo:
    firstSubMesh: 0
    subMeshCount: 0
  m_StaticBatchRoot: {fileID: 0}
  m_ProbeAnchor: {fileID: 0}
  m_LightProbeVolumeOverride: {fileID: 0}
  m_ScaleInLightmap: 1
  m_ReceiveGI: 1
  m_PreserveUVs: 0
  m_IgnoreNormalsForChartDetection: 0
  m_ImportantGI: 0
  m_StitchLightmapSeams: 1
  m_SelectedEditorRenderState: 3
  m_MinimumChartSize: 4
  m_AutoUVMaxDistance: 0.5
  m_AutoUVMaxAngle: 89
  m_LightmapParameters: {fileID: 0}
  m_SortingLayerID: 0
  m_SortingLayer: 0
  m_SortingOrder: 0
--- !u!1 &6846483348797931962
GameObject:
  m_ObjectHideFlags: 0
  m_CorrespondingSourceObject: {fileID: 0}
  m_PrefabInstance: {fileID: 0}
  m_PrefabAsset: {fileID: 0}
  serializedVersion: 6
  m_Component:
  - component: {fileID: 5669064802402487091}
  - component: {fileID: 1755323191911521284}
  - component: {fileID: 4458987211782308578}
  - component: {fileID: 7577109312948169178}
  m_Layer: 16
  m_Name: Portal (3)
  m_TagString: Untagged
  m_Icon: {fileID: 0}
  m_NavMeshLayer: 0
  m_StaticEditorFlags: 25
  m_IsActive: 0
--- !u!4 &5669064802402487091
Transform:
  m_ObjectHideFlags: 0
  m_CorrespondingSourceObject: {fileID: 0}
  m_PrefabInstance: {fileID: 0}
  m_PrefabAsset: {fileID: 0}
  m_GameObject: {fileID: 6846483348797931962}
  m_LocalRotation: {x: 0.00000041723243, y: 0.0000000037252894, z: -0.69401914, w: -0.71995664}
  m_LocalPosition: {x: 0.0001653477, y: 0.000053190182, z: -31.500017}
  m_LocalScale: {x: 5.296191, y: 11.154816, z: 5.7140555}
  m_Children: []
  m_Father: {fileID: 338607575646432677}
  m_RootOrder: 6
  m_LocalEulerAnglesHint: {x: 0, y: 0, z: -272.102}
--- !u!33 &1755323191911521284
MeshFilter:
  m_ObjectHideFlags: 0
  m_CorrespondingSourceObject: {fileID: 0}
  m_PrefabInstance: {fileID: 0}
  m_PrefabAsset: {fileID: 0}
  m_GameObject: {fileID: 6846483348797931962}
  m_Mesh: {fileID: 10209, guid: 0000000000000000e000000000000000, type: 0}
--- !u!23 &4458987211782308578
MeshRenderer:
  m_ObjectHideFlags: 0
  m_CorrespondingSourceObject: {fileID: 0}
  m_PrefabInstance: {fileID: 0}
  m_PrefabAsset: {fileID: 0}
  m_GameObject: {fileID: 6846483348797931962}
  m_Enabled: 1
  m_CastShadows: 1
  m_ReceiveShadows: 1
  m_DynamicOccludee: 1
  m_MotionVectors: 1
  m_LightProbeUsage: 1
  m_ReflectionProbeUsage: 1
  m_RenderingLayerMask: 1
  m_RendererPriority: 0
  m_Materials:
  - {fileID: 2100000, guid: afeb51d54632ffa418f3d9bf7b643552, type: 2}
  m_StaticBatchInfo:
    firstSubMesh: 0
    subMeshCount: 0
  m_StaticBatchRoot: {fileID: 0}
  m_ProbeAnchor: {fileID: 0}
  m_LightProbeVolumeOverride: {fileID: 0}
  m_ScaleInLightmap: 1
  m_ReceiveGI: 1
  m_PreserveUVs: 0
  m_IgnoreNormalsForChartDetection: 0
  m_ImportantGI: 0
  m_StitchLightmapSeams: 1
  m_SelectedEditorRenderState: 3
  m_MinimumChartSize: 4
  m_AutoUVMaxDistance: 0.5
  m_AutoUVMaxAngle: 89
  m_LightmapParameters: {fileID: 0}
  m_SortingLayerID: 0
  m_SortingLayer: 0
  m_SortingOrder: 0
--- !u!64 &7577109312948169178
MeshCollider:
  m_ObjectHideFlags: 0
  m_CorrespondingSourceObject: {fileID: 0}
  m_PrefabInstance: {fileID: 0}
  m_PrefabAsset: {fileID: 0}
  m_GameObject: {fileID: 6846483348797931962}
  m_Material: {fileID: 0}
  m_IsTrigger: 0
  m_Enabled: 1
  serializedVersion: 3
  m_Convex: 0
  m_CookingOptions: 14
  m_Mesh: {fileID: 10209, guid: 0000000000000000e000000000000000, type: 0}
--- !u!1 &7423601994836290032
GameObject:
  m_ObjectHideFlags: 0
  m_CorrespondingSourceObject: {fileID: 0}
  m_PrefabInstance: {fileID: 0}
  m_PrefabAsset: {fileID: 0}
  serializedVersion: 6
  m_Component:
  - component: {fileID: 7231654443616523452}
  - component: {fileID: 48799707397051664}
  - component: {fileID: 4092325107765638480}
  m_Layer: 0
  m_Name: s_Tem_1
  m_TagString: Untagged
  m_Icon: {fileID: 0}
  m_NavMeshLayer: 0
  m_StaticEditorFlags: 25
  m_IsActive: 1
--- !u!4 &7231654443616523452
Transform:
  m_ObjectHideFlags: 0
  m_CorrespondingSourceObject: {fileID: 0}
  m_PrefabInstance: {fileID: 0}
  m_PrefabAsset: {fileID: 0}
  m_GameObject: {fileID: 7423601994836290032}
  m_LocalRotation: {x: 0, y: -0, z: -0, w: 1}
  m_LocalPosition: {x: 2.4530315, y: 0, z: -23.129875}
  m_LocalScale: {x: 1, y: 1, z: 1}
  m_Children: []
  m_Father: {fileID: 338607575646432677}
  m_RootOrder: 0
  m_LocalEulerAnglesHint: {x: 0, y: 0, z: 0}
--- !u!33 &48799707397051664
MeshFilter:
  m_ObjectHideFlags: 0
  m_CorrespondingSourceObject: {fileID: 0}
  m_PrefabInstance: {fileID: 0}
  m_PrefabAsset: {fileID: 0}
  m_GameObject: {fileID: 7423601994836290032}
  m_Mesh: {fileID: -4010717585178587366, guid: 4fa9a615b45d8c84bbf1c80c08002cc2, type: 3}
--- !u!23 &4092325107765638480
MeshRenderer:
  m_ObjectHideFlags: 0
  m_CorrespondingSourceObject: {fileID: 0}
  m_PrefabInstance: {fileID: 0}
  m_PrefabAsset: {fileID: 0}
  m_GameObject: {fileID: 7423601994836290032}
  m_Enabled: 1
  m_CastShadows: 1
  m_ReceiveShadows: 1
  m_DynamicOccludee: 1
  m_MotionVectors: 1
  m_LightProbeUsage: 1
  m_ReflectionProbeUsage: 1
  m_RenderingLayerMask: 1
  m_RendererPriority: 0
  m_Materials:
  - {fileID: 2100000, guid: a4e74e57af71c7844ac525a00cde7f77, type: 2}
  m_StaticBatchInfo:
    firstSubMesh: 0
    subMeshCount: 0
  m_StaticBatchRoot: {fileID: 0}
  m_ProbeAnchor: {fileID: 0}
  m_LightProbeVolumeOverride: {fileID: 0}
  m_ScaleInLightmap: 1
  m_ReceiveGI: 1
  m_PreserveUVs: 0
  m_IgnoreNormalsForChartDetection: 0
  m_ImportantGI: 0
  m_StitchLightmapSeams: 1
  m_SelectedEditorRenderState: 3
  m_MinimumChartSize: 4
  m_AutoUVMaxDistance: 0.5
  m_AutoUVMaxAngle: 89
  m_LightmapParameters: {fileID: 0}
  m_SortingLayerID: 0
  m_SortingLayer: 0
  m_SortingOrder: 0
--- !u!1 &7762968416301616258
GameObject:
  m_ObjectHideFlags: 0
  m_CorrespondingSourceObject: {fileID: 0}
  m_PrefabInstance: {fileID: 0}
  m_PrefabAsset: {fileID: 0}
  serializedVersion: 6
  m_Component:
  - component: {fileID: 5932966483534325637}
  - component: {fileID: 1478728762168519159}
  - component: {fileID: 2237432967048337798}
  - component: {fileID: 7381347002832922710}
  m_Layer: 16
  m_Name: Portal (2)
  m_TagString: Untagged
  m_Icon: {fileID: 0}
  m_NavMeshLayer: 0
  m_StaticEditorFlags: 25
  m_IsActive: 0
--- !u!4 &5932966483534325637
Transform:
  m_ObjectHideFlags: 0
  m_CorrespondingSourceObject: {fileID: 0}
  m_PrefabInstance: {fileID: 0}
  m_PrefabAsset: {fileID: 0}
  m_GameObject: {fileID: 7762968416301616258}
  m_LocalRotation: {x: 0.000000029802315, y: 0.000000007450579, z: -0.7199566, w: 0.69401914}
  m_LocalPosition: {x: 0.0001653477, y: 0.000053190182, z: -31.500017}
  m_LocalScale: {x: 5.2961903, y: 11.154811, z: 5.7140546}
  m_Children: []
  m_Father: {fileID: 338607575646432677}
  m_RootOrder: 5
  m_LocalEulerAnglesHint: {x: 0, y: 0, z: -92.102005}
--- !u!33 &1478728762168519159
MeshFilter:
  m_ObjectHideFlags: 0
  m_CorrespondingSourceObject: {fileID: 0}
  m_PrefabInstance: {fileID: 0}
  m_PrefabAsset: {fileID: 0}
  m_GameObject: {fileID: 7762968416301616258}
  m_Mesh: {fileID: 10209, guid: 0000000000000000e000000000000000, type: 0}
--- !u!23 &2237432967048337798
MeshRenderer:
  m_ObjectHideFlags: 0
  m_CorrespondingSourceObject: {fileID: 0}
  m_PrefabInstance: {fileID: 0}
  m_PrefabAsset: {fileID: 0}
  m_GameObject: {fileID: 7762968416301616258}
  m_Enabled: 1
  m_CastShadows: 1
  m_ReceiveShadows: 1
  m_DynamicOccludee: 1
  m_MotionVectors: 1
  m_LightProbeUsage: 1
  m_ReflectionProbeUsage: 1
  m_RenderingLayerMask: 1
  m_RendererPriority: 0
  m_Materials:
  - {fileID: 2100000, guid: afeb51d54632ffa418f3d9bf7b643552, type: 2}
  m_StaticBatchInfo:
    firstSubMesh: 0
    subMeshCount: 0
  m_StaticBatchRoot: {fileID: 0}
  m_ProbeAnchor: {fileID: 0}
  m_LightProbeVolumeOverride: {fileID: 0}
  m_ScaleInLightmap: 1
  m_ReceiveGI: 1
  m_PreserveUVs: 0
  m_IgnoreNormalsForChartDetection: 0
  m_ImportantGI: 0
  m_StitchLightmapSeams: 1
  m_SelectedEditorRenderState: 3
  m_MinimumChartSize: 4
  m_AutoUVMaxDistance: 0.5
  m_AutoUVMaxAngle: 89
  m_LightmapParameters: {fileID: 0}
  m_SortingLayerID: 0
  m_SortingLayer: 0
  m_SortingOrder: 0
--- !u!64 &7381347002832922710
MeshCollider:
  m_ObjectHideFlags: 0
  m_CorrespondingSourceObject: {fileID: 0}
  m_PrefabInstance: {fileID: 0}
  m_PrefabAsset: {fileID: 0}
  m_GameObject: {fileID: 7762968416301616258}
  m_Material: {fileID: 0}
  m_IsTrigger: 0
  m_Enabled: 1
  serializedVersion: 3
  m_Convex: 0
  m_CookingOptions: 14
  m_Mesh: {fileID: 10209, guid: 0000000000000000e000000000000000, type: 0}
--- !u!1001 &9201237393623659751
PrefabInstance:
  m_ObjectHideFlags: 0
  serializedVersion: 2
  m_Modification:
    m_TransformParent: {fileID: 338607575646432677}
    m_Modifications:
    - target: {fileID: 100894, guid: d4d6a29c9156ee948a0a44b98b1f1da8, type: 3}
      propertyPath: m_Name
      value: DustMotesCalm (1)
      objectReference: {fileID: 0}
    - target: {fileID: 100894, guid: d4d6a29c9156ee948a0a44b98b1f1da8, type: 3}
      propertyPath: m_Layer
      value: 16
      objectReference: {fileID: 0}
    - target: {fileID: 100894, guid: d4d6a29c9156ee948a0a44b98b1f1da8, type: 3}
      propertyPath: m_IsActive
      value: 0
      objectReference: {fileID: 0}
    - target: {fileID: 100894, guid: d4d6a29c9156ee948a0a44b98b1f1da8, type: 3}
      propertyPath: m_StaticEditorFlags
      value: 25
      objectReference: {fileID: 0}
    - target: {fileID: 446198, guid: d4d6a29c9156ee948a0a44b98b1f1da8, type: 3}
      propertyPath: m_LocalPosition.x
      value: -1101.8495
      objectReference: {fileID: 0}
    - target: {fileID: 446198, guid: d4d6a29c9156ee948a0a44b98b1f1da8, type: 3}
      propertyPath: m_LocalPosition.y
      value: 11.61697
      objectReference: {fileID: 0}
    - target: {fileID: 446198, guid: d4d6a29c9156ee948a0a44b98b1f1da8, type: 3}
      propertyPath: m_LocalPosition.z
      value: 82.55013
      objectReference: {fileID: 0}
    - target: {fileID: 446198, guid: d4d6a29c9156ee948a0a44b98b1f1da8, type: 3}
      propertyPath: m_LocalRotation.x
      value: -0.56563926
      objectReference: {fileID: 0}
    - target: {fileID: 446198, guid: d4d6a29c9156ee948a0a44b98b1f1da8, type: 3}
      propertyPath: m_LocalRotation.y
      value: 0.4243257
      objectReference: {fileID: 0}
    - target: {fileID: 446198, guid: d4d6a29c9156ee948a0a44b98b1f1da8, type: 3}
      propertyPath: m_LocalRotation.z
      value: -0.57190067
      objectReference: {fileID: 0}
    - target: {fileID: 446198, guid: d4d6a29c9156ee948a0a44b98b1f1da8, type: 3}
      propertyPath: m_LocalRotation.w
      value: 0.4158482
      objectReference: {fileID: 0}
    - target: {fileID: 446198, guid: d4d6a29c9156ee948a0a44b98b1f1da8, type: 3}
      propertyPath: m_RootOrder
      value: 4
      objectReference: {fileID: 0}
    - target: {fileID: 446198, guid: d4d6a29c9156ee948a0a44b98b1f1da8, type: 3}
      propertyPath: m_LocalEulerAnglesHint.x
      value: -165.002
      objectReference: {fileID: 0}
    - target: {fileID: 446198, guid: d4d6a29c9156ee948a0a44b98b1f1da8, type: 3}
      propertyPath: m_LocalEulerAnglesHint.y
      value: -89.116
      objectReference: {fileID: 0}
    - target: {fileID: 446198, guid: d4d6a29c9156ee948a0a44b98b1f1da8, type: 3}
      propertyPath: m_LocalEulerAnglesHint.z
      value: 162.669
      objectReference: {fileID: 0}
    - target: {fileID: 446198, guid: d4d6a29c9156ee948a0a44b98b1f1da8, type: 3}
      propertyPath: m_LocalScale.x
      value: 1.0000228
      objectReference: {fileID: 0}
    - target: {fileID: 446198, guid: d4d6a29c9156ee948a0a44b98b1f1da8, type: 3}
      propertyPath: m_LocalScale.y
      value: 0.99998367
      objectReference: {fileID: 0}
    - target: {fileID: 446198, guid: d4d6a29c9156ee948a0a44b98b1f1da8, type: 3}
      propertyPath: m_LocalScale.z
      value: 1
      objectReference: {fileID: 0}
    m_RemovedComponents: []
  m_SourcePrefab: {fileID: 100100000, guid: d4d6a29c9156ee948a0a44b98b1f1da8, type: 3}
--- !u!4 &9201237393623775761 stripped
Transform:
  m_CorrespondingSourceObject: {fileID: 446198, guid: d4d6a29c9156ee948a0a44b98b1f1da8,
    type: 3}
  m_PrefabInstance: {fileID: 9201237393623659751}
  m_PrefabAsset: {fileID: 0}
