%YAML 1.1
%TAG !u! tag:unity3d.com,2011:
--- !u!1 &1716027999225156171
GameObject:
  m_ObjectHideFlags: 0
  m_CorrespondingSourceObject: {fileID: 0}
  m_PrefabInstance: {fileID: 0}
  m_PrefabAsset: {fileID: 0}
  serializedVersion: 6
  m_Component:
  - component: {fileID: 2417262601880100952}
  - component: {fileID: 6393229379679902765}
  - component: {fileID: 2340457901538859181}
  m_Layer: 16
  m_Name: Small_Building_2
  m_TagString: Untagged
  m_Icon: {fileID: 0}
  m_NavMeshLayer: 0
  m_StaticEditorFlags: 31
  m_IsActive: 1
--- !u!4 &2417262601880100952
Transform:
  m_ObjectHideFlags: 0
  m_CorrespondingSourceObject: {fileID: 0}
  m_PrefabInstance: {fileID: 0}
  m_PrefabAsset: {fileID: 0}
  m_GameObject: {fileID: 1716027999225156171}
  m_LocalRotation: {x: -0, y: 0.55878425, z: -0, w: 0.8293131}
  m_LocalPosition: {x: 16.21, y: -0.32, z: -36.38}
  m_LocalScale: {x: 7.0411997, y: 8.379731, z: 7.0411997}
  m_Children:
  - {fileID: 8206320386508223433}
  - {fileID: 6562591498561360390}
  - {fileID: 7018688216397937767}
  - {fileID: 5804707213222162625}
  - {fileID: 4545704918683748662}
  - {fileID: 8622406250900763140}
  m_Father: {fileID: 0}
  m_RootOrder: 0
  m_LocalEulerAnglesHint: {x: 0, y: 67.944, z: 0}
--- !u!65 &6393229379679902765
BoxCollider:
  m_ObjectHideFlags: 0
  m_CorrespondingSourceObject: {fileID: 0}
  m_PrefabInstance: {fileID: 0}
  m_PrefabAsset: {fileID: 0}
  m_GameObject: {fileID: 1716027999225156171}
  m_Material: {fileID: 0}
  m_IsTrigger: 0
  m_Enabled: 1
  serializedVersion: 2
  m_Size: {x: 0.86098725, y: 0.55334884, z: 0.58787966}
  m_Center: {x: -0.116288364, y: 0.22332528, z: -0.2198492}
--- !u!65 &2340457901538859181
BoxCollider:
  m_ObjectHideFlags: 0
  m_CorrespondingSourceObject: {fileID: 0}
  m_PrefabInstance: {fileID: 0}
  m_PrefabAsset: {fileID: 0}
  m_GameObject: {fileID: 1716027999225156171}
  m_Material: {fileID: 0}
  m_IsTrigger: 0
  m_Enabled: 1
  serializedVersion: 2
  m_Size: {x: 0.99450725, y: 0.048591804, z: 0.6894406}
  m_Center: {x: -0.10978291, y: -0.077433996, z: -0.21942167}
--- !u!1 &3120651338030971236
GameObject:
  m_ObjectHideFlags: 0
  m_CorrespondingSourceObject: {fileID: 0}
  m_PrefabInstance: {fileID: 0}
  m_PrefabAsset: {fileID: 0}
  serializedVersion: 6
  m_Component:
  - component: {fileID: 7018688216397937767}
  - component: {fileID: 2335720267206978994}
  - component: {fileID: 2698973629598871482}
  m_Layer: 16
  m_Name: tex_2
  m_TagString: Untagged
  m_Icon: {fileID: 0}
  m_NavMeshLayer: 0
  m_StaticEditorFlags: 31
  m_IsActive: 1
--- !u!4 &7018688216397937767
Transform:
  m_ObjectHideFlags: 0
  m_CorrespondingSourceObject: {fileID: 0}
  m_PrefabInstance: {fileID: 0}
  m_PrefabAsset: {fileID: 0}
  m_GameObject: {fileID: 3120651338030971236}
  m_LocalRotation: {x: -0.7071068, y: 0, z: -0, w: 0.7071068}
  m_LocalPosition: {x: -0, y: 0, z: 0}
  m_LocalScale: {x: 1, y: 1, z: 1}
  m_Children: []
  m_Father: {fileID: 2417262601880100952}
  m_RootOrder: 2
  m_LocalEulerAnglesHint: {x: 0, y: 0, z: 0}
--- !u!33 &2335720267206978994
MeshFilter:
  m_ObjectHideFlags: 0
  m_CorrespondingSourceObject: {fileID: 0}
  m_PrefabInstance: {fileID: 0}
  m_PrefabAsset: {fileID: 0}
  m_GameObject: {fileID: 3120651338030971236}
  m_Mesh: {fileID: 7473109979035053262, guid: 42fe73982f2c1104090b8dc2edcc23ea, type: 3}
--- !u!23 &2698973629598871482
MeshRenderer:
  m_ObjectHideFlags: 0
  m_CorrespondingSourceObject: {fileID: 0}
  m_PrefabInstance: {fileID: 0}
  m_PrefabAsset: {fileID: 0}
  m_GameObject: {fileID: 3120651338030971236}
  m_Enabled: 1
  m_CastShadows: 1
  m_ReceiveShadows: 1
  m_DynamicOccludee: 1
  m_MotionVectors: 1
  m_LightProbeUsage: 1
  m_ReflectionProbeUsage: 1
  m_RenderingLayerMask: 1
  m_RendererPriority: 0
  m_Materials:
  - {fileID: 2100000, guid: 259f99f31688a8a468317f4d55ba159b, type: 2}
  m_StaticBatchInfo:
    firstSubMesh: 0
    subMeshCount: 0
  m_StaticBatchRoot: {fileID: 0}
  m_ProbeAnchor: {fileID: 0}
  m_LightProbeVolumeOverride: {fileID: 0}
  m_ScaleInLightmap: 1
  m_ReceiveGI: 1
  m_PreserveUVs: 0
  m_IgnoreNormalsForChartDetection: 0
  m_ImportantGI: 0
  m_StitchLightmapSeams: 1
  m_SelectedEditorRenderState: 3
  m_MinimumChartSize: 4
  m_AutoUVMaxDistance: 0.5
  m_AutoUVMaxAngle: 89
  m_LightmapParameters: {fileID: 0}
  m_SortingLayerID: 0
  m_SortingLayer: 0
  m_SortingOrder: 0
--- !u!1 &4537455197364184771
GameObject:
  m_ObjectHideFlags: 0
  m_CorrespondingSourceObject: {fileID: 0}
  m_PrefabInstance: {fileID: 0}
  m_PrefabAsset: {fileID: 0}
  serializedVersion: 6
  m_Component:
  - component: {fileID: 8206320386508223433}
  - component: {fileID: 4971193604236148387}
  - component: {fileID: 697874457215923063}
  m_Layer: 16
  m_Name: brick
  m_TagString: Untagged
  m_Icon: {fileID: 0}
  m_NavMeshLayer: 0
  m_StaticEditorFlags: 31
  m_IsActive: 1
--- !u!4 &8206320386508223433
Transform:
  m_ObjectHideFlags: 0
  m_CorrespondingSourceObject: {fileID: 0}
  m_PrefabInstance: {fileID: 0}
  m_PrefabAsset: {fileID: 0}
  m_GameObject: {fileID: 4537455197364184771}
  m_LocalRotation: {x: -0.7071068, y: 0, z: -0, w: 0.7071068}
  m_LocalPosition: {x: -0, y: 0, z: 0}
  m_LocalScale: {x: 1, y: 1, z: 1}
  m_Children: []
  m_Father: {fileID: 2417262601880100952}
  m_RootOrder: 0
  m_LocalEulerAnglesHint: {x: 0, y: 0, z: 0}
--- !u!33 &4971193604236148387
MeshFilter:
  m_ObjectHideFlags: 0
  m_CorrespondingSourceObject: {fileID: 0}
  m_PrefabInstance: {fileID: 0}
  m_PrefabAsset: {fileID: 0}
  m_GameObject: {fileID: 4537455197364184771}
  m_Mesh: {fileID: -7018330538815869774, guid: 42fe73982f2c1104090b8dc2edcc23ea, type: 3}
--- !u!23 &697874457215923063
MeshRenderer:
  m_ObjectHideFlags: 0
  m_CorrespondingSourceObject: {fileID: 0}
  m_PrefabInstance: {fileID: 0}
  m_PrefabAsset: {fileID: 0}
  m_GameObject: {fileID: 4537455197364184771}
  m_Enabled: 1
  m_CastShadows: 1
  m_ReceiveShadows: 1
  m_DynamicOccludee: 1
  m_MotionVectors: 1
  m_LightProbeUsage: 1
  m_ReflectionProbeUsage: 1
  m_RenderingLayerMask: 1
  m_RendererPriority: 0
  m_Materials:
  - {fileID: 2100000, guid: 0c9f11621c3af12439cf5772c9afa40c, type: 2}
  m_StaticBatchInfo:
    firstSubMesh: 0
    subMeshCount: 0
  m_StaticBatchRoot: {fileID: 0}
  m_ProbeAnchor: {fileID: 0}
  m_LightProbeVolumeOverride: {fileID: 0}
  m_ScaleInLightmap: 1
  m_ReceiveGI: 1
  m_PreserveUVs: 0
  m_IgnoreNormalsForChartDetection: 0
  m_ImportantGI: 0
  m_StitchLightmapSeams: 1
  m_SelectedEditorRenderState: 3
  m_MinimumChartSize: 4
  m_AutoUVMaxDistance: 0.5
  m_AutoUVMaxAngle: 89
  m_LightmapParameters: {fileID: 0}
  m_SortingLayerID: 0
  m_SortingLayer: 0
  m_SortingOrder: 0
--- !u!1 &4568700237210520392
GameObject:
  m_ObjectHideFlags: 0
  m_CorrespondingSourceObject: {fileID: 0}
  m_PrefabInstance: {fileID: 0}
  m_PrefabAsset: {fileID: 0}
  serializedVersion: 6
  m_Component:
  - component: {fileID: 6562591498561360390}
  - component: {fileID: 4653489535819051016}
  - component: {fileID: 91423456634202881}
  m_Layer: 16
  m_Name: tex_1
  m_TagString: Untagged
  m_Icon: {fileID: 0}
  m_NavMeshLayer: 0
  m_StaticEditorFlags: 31
  m_IsActive: 1
--- !u!4 &6562591498561360390
Transform:
  m_ObjectHideFlags: 0
  m_CorrespondingSourceObject: {fileID: 0}
  m_PrefabInstance: {fileID: 0}
  m_PrefabAsset: {fileID: 0}
  m_GameObject: {fileID: 4568700237210520392}
  m_LocalRotation: {x: -0.7071068, y: 0, z: -0, w: 0.7071068}
  m_LocalPosition: {x: -0, y: 0, z: 0}
  m_LocalScale: {x: 1, y: 1, z: 1}
  m_Children: []
  m_Father: {fileID: 2417262601880100952}
  m_RootOrder: 1
  m_LocalEulerAnglesHint: {x: 0, y: 0, z: 0}
--- !u!33 &4653489535819051016
MeshFilter:
  m_ObjectHideFlags: 0
  m_CorrespondingSourceObject: {fileID: 0}
  m_PrefabInstance: {fileID: 0}
  m_PrefabAsset: {fileID: 0}
  m_GameObject: {fileID: 4568700237210520392}
  m_Mesh: {fileID: 3328307894807280274, guid: 42fe73982f2c1104090b8dc2edcc23ea, type: 3}
--- !u!23 &91423456634202881
MeshRenderer:
  m_ObjectHideFlags: 0
  m_CorrespondingSourceObject: {fileID: 0}
  m_PrefabInstance: {fileID: 0}
  m_PrefabAsset: {fileID: 0}
  m_GameObject: {fileID: 4568700237210520392}
  m_Enabled: 1
  m_CastShadows: 1
  m_ReceiveShadows: 1
  m_DynamicOccludee: 1
  m_MotionVectors: 1
  m_LightProbeUsage: 1
  m_ReflectionProbeUsage: 1
  m_RenderingLayerMask: 1
  m_RendererPriority: 0
  m_Materials:
  - {fileID: 2100000, guid: c8182393beb8a5345bd94b10b31a2bac, type: 2}
  m_StaticBatchInfo:
    firstSubMesh: 0
    subMeshCount: 0
  m_StaticBatchRoot: {fileID: 0}
  m_ProbeAnchor: {fileID: 0}
  m_LightProbeVolumeOverride: {fileID: 0}
  m_ScaleInLightmap: 1
  m_ReceiveGI: 1
  m_PreserveUVs: 0
  m_IgnoreNormalsForChartDetection: 0
  m_ImportantGI: 0
  m_StitchLightmapSeams: 1
  m_SelectedEditorRenderState: 3
  m_MinimumChartSize: 4
  m_AutoUVMaxDistance: 0.5
  m_AutoUVMaxAngle: 89
  m_LightmapParameters: {fileID: 0}
  m_SortingLayerID: 0
  m_SortingLayer: 0
  m_SortingOrder: 0
--- !u!1 &4616053872221198455
GameObject:
  m_ObjectHideFlags: 0
  m_CorrespondingSourceObject: {fileID: 0}
  m_PrefabInstance: {fileID: 0}
  m_PrefabAsset: {fileID: 0}
  serializedVersion: 6
  m_Component:
  - component: {fileID: 5804707213222162625}
  - component: {fileID: 1415278698109203138}
  - component: {fileID: 4720892941302167112}
  m_Layer: 16
  m_Name: tex_3
  m_TagString: Untagged
  m_Icon: {fileID: 0}
  m_NavMeshLayer: 0
  m_StaticEditorFlags: 31
  m_IsActive: 1
--- !u!4 &5804707213222162625
Transform:
  m_ObjectHideFlags: 0
  m_CorrespondingSourceObject: {fileID: 0}
  m_PrefabInstance: {fileID: 0}
  m_PrefabAsset: {fileID: 0}
  m_GameObject: {fileID: 4616053872221198455}
  m_LocalRotation: {x: -0.7071068, y: 0, z: -0, w: 0.7071068}
  m_LocalPosition: {x: -0, y: 0, z: 0}
  m_LocalScale: {x: 1, y: 1, z: 1}
  m_Children: []
  m_Father: {fileID: 2417262601880100952}
  m_RootOrder: 3
  m_LocalEulerAnglesHint: {x: 0, y: 0, z: 0}
--- !u!33 &1415278698109203138
MeshFilter:
  m_ObjectHideFlags: 0
  m_CorrespondingSourceObject: {fileID: 0}
  m_PrefabInstance: {fileID: 0}
  m_PrefabAsset: {fileID: 0}
  m_GameObject: {fileID: 4616053872221198455}
  m_Mesh: {fileID: 8520956355433124572, guid: 42fe73982f2c1104090b8dc2edcc23ea, type: 3}
--- !u!23 &4720892941302167112
MeshRenderer:
  m_ObjectHideFlags: 0
  m_CorrespondingSourceObject: {fileID: 0}
  m_PrefabInstance: {fileID: 0}
  m_PrefabAsset: {fileID: 0}
  m_GameObject: {fileID: 4616053872221198455}
  m_Enabled: 1
  m_CastShadows: 1
  m_ReceiveShadows: 1
  m_DynamicOccludee: 1
  m_MotionVectors: 1
  m_LightProbeUsage: 1
  m_ReflectionProbeUsage: 1
  m_RenderingLayerMask: 1
  m_RendererPriority: 0
  m_Materials:
  - {fileID: 2100000, guid: 4f3d35f93891d45498ffb76bfcc0ac02, type: 2}
  m_StaticBatchInfo:
    firstSubMesh: 0
    subMeshCount: 0
  m_StaticBatchRoot: {fileID: 0}
  m_ProbeAnchor: {fileID: 0}
  m_LightProbeVolumeOverride: {fileID: 0}
  m_ScaleInLightmap: 1
  m_ReceiveGI: 1
  m_PreserveUVs: 0
  m_IgnoreNormalsForChartDetection: 0
  m_ImportantGI: 0
  m_StitchLightmapSeams: 1
  m_SelectedEditorRenderState: 3
  m_MinimumChartSize: 4
  m_AutoUVMaxDistance: 0.5
  m_AutoUVMaxAngle: 89
  m_LightmapParameters: {fileID: 0}
  m_SortingLayerID: 0
  m_SortingLayer: 0
  m_SortingOrder: 0
--- !u!1001 &2296817439451319615
PrefabInstance:
  m_ObjectHideFlags: 0
  serializedVersion: 2
  m_Modification:
    m_TransformParent: {fileID: 2417262601880100952}
    m_Modifications:
    - target: {fileID: 5366927779916956665, guid: e3bfce8d8e2eb5d4f96de85533c8877f,
        type: 3}
      propertyPath: m_Name
      value: Light
      objectReference: {fileID: 0}
    - target: {fileID: 5366927779916956665, guid: e3bfce8d8e2eb5d4f96de85533c8877f,
        type: 3}
      propertyPath: m_StaticEditorFlags
      value: 31
      objectReference: {fileID: 0}
    - target: {fileID: 7527519970988080955, guid: e3bfce8d8e2eb5d4f96de85533c8877f,
        type: 3}
      propertyPath: m_LocalPosition.x
      value: -0.29894704
      objectReference: {fileID: 0}
    - target: {fileID: 7527519970988080955, guid: e3bfce8d8e2eb5d4f96de85533c8877f,
        type: 3}
      propertyPath: m_LocalPosition.y
      value: 0.22017698
      objectReference: {fileID: 0}
    - target: {fileID: 7527519970988080955, guid: e3bfce8d8e2eb5d4f96de85533c8877f,
        type: 3}
      propertyPath: m_LocalPosition.z
      value: 0.044736773
      objectReference: {fileID: 0}
    - target: {fileID: 7527519970988080955, guid: e3bfce8d8e2eb5d4f96de85533c8877f,
        type: 3}
      propertyPath: m_LocalRotation.x
      value: -0
      objectReference: {fileID: 0}
    - target: {fileID: 7527519970988080955, guid: e3bfce8d8e2eb5d4f96de85533c8877f,
        type: 3}
      propertyPath: m_LocalRotation.y
      value: 0.00000029802322
      objectReference: {fileID: 0}
    - target: {fileID: 7527519970988080955, guid: e3bfce8d8e2eb5d4f96de85533c8877f,
        type: 3}
      propertyPath: m_LocalRotation.z
      value: -0
      objectReference: {fileID: 0}
    - target: {fileID: 7527519970988080955, guid: e3bfce8d8e2eb5d4f96de85533c8877f,
        type: 3}
      propertyPath: m_LocalRotation.w
      value: 1
      objectReference: {fileID: 0}
    - target: {fileID: 7527519970988080955, guid: e3bfce8d8e2eb5d4f96de85533c8877f,
        type: 3}
      propertyPath: m_RootOrder
      value: 5
      objectReference: {fileID: 0}
    - target: {fileID: 7527519970988080955, guid: e3bfce8d8e2eb5d4f96de85533c8877f,
        type: 3}
      propertyPath: m_LocalEulerAnglesHint.x
      value: 0
      objectReference: {fileID: 0}
    - target: {fileID: 7527519970988080955, guid: e3bfce8d8e2eb5d4f96de85533c8877f,
        type: 3}
      propertyPath: m_LocalEulerAnglesHint.y
      value: -180.00002
      objectReference: {fileID: 0}
    - target: {fileID: 7527519970988080955, guid: e3bfce8d8e2eb5d4f96de85533c8877f,
        type: 3}
      propertyPath: m_LocalEulerAnglesHint.z
      value: 0
      objectReference: {fileID: 0}
    - target: {fileID: 7527519970988080955, guid: e3bfce8d8e2eb5d4f96de85533c8877f,
        type: 3}
      propertyPath: m_LocalScale.x
      value: 0.04924628
      objectReference: {fileID: 0}
    - target: {fileID: 7527519970988080955, guid: e3bfce8d8e2eb5d4f96de85533c8877f,
        type: 3}
      propertyPath: m_LocalScale.y
      value: 0.041401733
      objectReference: {fileID: 0}
    - target: {fileID: 7527519970988080955, guid: e3bfce8d8e2eb5d4f96de85533c8877f,
        type: 3}
      propertyPath: m_LocalScale.z
      value: 0.04924628
      objectReference: {fileID: 0}
    - target: {fileID: 3385693734994396142, guid: e3bfce8d8e2eb5d4f96de85533c8877f,
        type: 3}
      propertyPath: m_StaticEditorFlags
      value: 31
      objectReference: {fileID: 0}
    - target: {fileID: 5191029022083982162, guid: e3bfce8d8e2eb5d4f96de85533c8877f,
        type: 3}
      propertyPath: m_StaticEditorFlags
      value: 31
      objectReference: {fileID: 0}
    - target: {fileID: 3385693734994396138, guid: e3bfce8d8e2eb5d4f96de85533c8877f,
        type: 3}
      propertyPath: m_StaticEditorFlags
      value: 31
      objectReference: {fileID: 0}
    - target: {fileID: 3385693734994396136, guid: e3bfce8d8e2eb5d4f96de85533c8877f,
        type: 3}
      propertyPath: m_StaticEditorFlags
      value: 31
      objectReference: {fileID: 0}
    m_RemovedComponents: []
  m_SourcePrefab: {fileID: 100100000, guid: e3bfce8d8e2eb5d4f96de85533c8877f, type: 3}
--- !u!4 &8622406250900763140 stripped
Transform:
  m_CorrespondingSourceObject: {fileID: 7527519970988080955, guid: e3bfce8d8e2eb5d4f96de85533c8877f,
    type: 3}
  m_PrefabInstance: {fileID: 2296817439451319615}
  m_PrefabAsset: {fileID: 0}
--- !u!1001 &6296745921795536397
PrefabInstance:
  m_ObjectHideFlags: 0
  serializedVersion: 2
  m_Modification:
    m_TransformParent: {fileID: 2417262601880100952}
    m_Modifications:
    - target: {fileID: 5366927779916956665, guid: e3bfce8d8e2eb5d4f96de85533c8877f,
        type: 3}
      propertyPath: m_Name
      value: Light (1)
      objectReference: {fileID: 0}
    - target: {fileID: 5366927779916956665, guid: e3bfce8d8e2eb5d4f96de85533c8877f,
        type: 3}
      propertyPath: m_StaticEditorFlags
      value: 31
      objectReference: {fileID: 0}
    - target: {fileID: 7527519970988080955, guid: e3bfce8d8e2eb5d4f96de85533c8877f,
        type: 3}
      propertyPath: m_LocalPosition.x
      value: 0.05294801
      objectReference: {fileID: 0}
    - target: {fileID: 7527519970988080955, guid: e3bfce8d8e2eb5d4f96de85533c8877f,
        type: 3}
      propertyPath: m_LocalPosition.y
      value: 0.22017698
      objectReference: {fileID: 0}
    - target: {fileID: 7527519970988080955, guid: e3bfce8d8e2eb5d4f96de85533c8877f,
        type: 3}
      propertyPath: m_LocalPosition.z
      value: 0.044736773
      objectReference: {fileID: 0}
    - target: {fileID: 7527519970988080955, guid: e3bfce8d8e2eb5d4f96de85533c8877f,
        type: 3}
      propertyPath: m_LocalRotation.x
      value: -0
      objectReference: {fileID: 0}
    - target: {fileID: 7527519970988080955, guid: e3bfce8d8e2eb5d4f96de85533c8877f,
        type: 3}
      propertyPath: m_LocalRotation.y
      value: 0.00000029802322
      objectReference: {fileID: 0}
    - target: {fileID: 7527519970988080955, guid: e3bfce8d8e2eb5d4f96de85533c8877f,
        type: 3}
      propertyPath: m_LocalRotation.z
      value: -0
      objectReference: {fileID: 0}
    - target: {fileID: 7527519970988080955, guid: e3bfce8d8e2eb5d4f96de85533c8877f,
        type: 3}
      propertyPath: m_LocalRotation.w
      value: 1
      objectReference: {fileID: 0}
    - target: {fileID: 7527519970988080955, guid: e3bfce8d8e2eb5d4f96de85533c8877f,
        type: 3}
      propertyPath: m_RootOrder
      value: 4
      objectReference: {fileID: 0}
    - target: {fileID: 7527519970988080955, guid: e3bfce8d8e2eb5d4f96de85533c8877f,
        type: 3}
      propertyPath: m_LocalEulerAnglesHint.x
      value: 0
      objectReference: {fileID: 0}
    - target: {fileID: 7527519970988080955, guid: e3bfce8d8e2eb5d4f96de85533c8877f,
        type: 3}
      propertyPath: m_LocalEulerAnglesHint.y
      value: -180.00002
      objectReference: {fileID: 0}
    - target: {fileID: 7527519970988080955, guid: e3bfce8d8e2eb5d4f96de85533c8877f,
        type: 3}
      propertyPath: m_LocalEulerAnglesHint.z
      value: 0
      objectReference: {fileID: 0}
    - target: {fileID: 7527519970988080955, guid: e3bfce8d8e2eb5d4f96de85533c8877f,
        type: 3}
      propertyPath: m_LocalScale.x
      value: 0.04924628
      objectReference: {fileID: 0}
    - target: {fileID: 7527519970988080955, guid: e3bfce8d8e2eb5d4f96de85533c8877f,
        type: 3}
      propertyPath: m_LocalScale.y
      value: 0.041401733
      objectReference: {fileID: 0}
    - target: {fileID: 7527519970988080955, guid: e3bfce8d8e2eb5d4f96de85533c8877f,
        type: 3}
      propertyPath: m_LocalScale.z
      value: 0.04924628
      objectReference: {fileID: 0}
    - target: {fileID: 3385693734994396142, guid: e3bfce8d8e2eb5d4f96de85533c8877f,
        type: 3}
      propertyPath: m_StaticEditorFlags
      value: 31
      objectReference: {fileID: 0}
    - target: {fileID: 5191029022083982162, guid: e3bfce8d8e2eb5d4f96de85533c8877f,
        type: 3}
      propertyPath: m_StaticEditorFlags
      value: 31
      objectReference: {fileID: 0}
    - target: {fileID: 3385693734994396138, guid: e3bfce8d8e2eb5d4f96de85533c8877f,
        type: 3}
      propertyPath: m_StaticEditorFlags
      value: 31
      objectReference: {fileID: 0}
    - target: {fileID: 3385693734994396136, guid: e3bfce8d8e2eb5d4f96de85533c8877f,
        type: 3}
      propertyPath: m_StaticEditorFlags
      value: 31
      objectReference: {fileID: 0}
    m_RemovedComponents: []
  m_SourcePrefab: {fileID: 100100000, guid: e3bfce8d8e2eb5d4f96de85533c8877f, type: 3}
--- !u!4 &4545704918683748662 stripped
Transform:
  m_CorrespondingSourceObject: {fileID: 7527519970988080955, guid: e3bfce8d8e2eb5d4f96de85533c8877f,
    type: 3}
  m_PrefabInstance: {fileID: 6296745921795536397}
  m_PrefabAsset: {fileID: 0}
